
@index{have},
        name = {have},
        description = {\doulos{həv} v. 拥有，持有},
        plural = {has},
        ving = {having},
        ved = {had}
}
        

@index{phonic},
        name = {phonic},
        description = {\doulos{ˈfɒnɪk} a. 语音，拼读有关的},
        plural = {phonics},
        ving = {},
        ved = {}
}
        