
@index{coiled, name={coiled}, description={a. 盘绕的，缠绕的}}

@index{skiff,
name={skiff},
 description={\doulos{skɪf} n. 小艇, 轻舟,小型帆船},
}

@index{gulf,
name={gulf},
 description={\doulos{ɡʌlf} n. 海湾;深坑,隔阂},
}


@index{stream,
name={stream},
 description={\doulos{striːm} n. 小河, 小溪;水、人、气流},
}

@index{form,
name={form},
 description={\doulos{fɔːm} n. 类型,种类;形状,形式;表格},
}

@index{definitely,
name={definitely},
 description={\doulos{ˈdefɪnɪtlɪ} adv. 明确无疑地,肯定地},
}

@index{harpoon,
name={harpoon},
 description={\doulos{hɑːˈpu:n} n. 鱼叉
vt. 用鱼叉叉, 用鱼叉捕获},
}

@index{sail,
name={sail},
 description={\doulos{seɪl} n. 帆, 篷, 帆船, 航程, 帆状物
v. 航行, 启航, 张帆而行},
}

@index{furled,
name={furled},
 description={\doulos{fɜːld} v-ed. 卷收; 叠; 卷起; 收拢},
}

@index{mast,
name={mast},
 description={\doulos{mɑːst} n. 桅, 桅杆},
}

@index{flour,
name={flour},
 description={\doulos{ˈflaʊә} n. 面粉, 粉沫, 碎粉},
}

@index{sack,
name={sack},
 description={\doulos{sæk} n. 麻布袋, 后纸袋;洗劫
vt. 把...装入袋, 洗劫},
 plural= {sacks},
}

@index{permanent,
name={permanent},
 description={\doulos{ˈpәːmәnәnt} a. 永久的, 持久的},
}

@index{defeat,
name={defeat},
 description={\doulos{dɪˈfiːt} n. 败北, 失败
vt. 击败, 使落空},
}

@index{gaunt,
name={gaunt},
 description={\doulos{ɡɔːnt} a. 瘦削的, 憔悴的, 荒凉的},
}

@index{wrinkle,
name={wrinkle},
 description={\doulos{ˈrɪŋkl} n. 皱纹,褶皱},
 plural= {wrinkles},
}

@index{blotch,
name={blotch},
 description={\doulos{blɒʧ} n. (皮肤上的)红斑, 疹块},
 plural= {blotches},
}

@index{benevolent,
name={benevolent},
 description={\doulos{bɪˈnevәlәnt} a. 善意的, 慈善的},
}

@index{skin,
name={skin},
 description={\doulos{skɪn} n. 皮肤, 皮
vt. 剥皮, 在...植皮
vi. 长皮, 愈合, 蜕皮},
}

@index{reflection,
name={reflection},
 description={\doulos{rɪˈflekʃәn} n. 反射;深思,反省},
}

@index{tropic,
name={tropic},
 description={\doulos{ˈtrɒpɪk} n. 回归线},
}

@index{cheek,
name={cheek},
 description={\doulos{ʧiːk} n. 面颊,脸蛋;厚颜无耻的言行},
}

@index{bring,
name={bring},
 description={\doulos{brɪŋ} v. 带来, 产生, 促使, 提出},
 plural= {brings},
}

@index{deep-creased,
name={deep-creased},
 description={\doulos{} 复合词,深深的皱纹},
}

@index{scar,
name={scar},
 description={\doulos{skɑː} n. 疤痕, 伤痕
vi. 结疤, 愈合, 痊愈
vt. 使有伤痕},
 plural= {scars},
}

@index{cord,
name={cord},
 description={\doulos{kɔːd} n. 绳索, 束缚,索状结构},
 plural= {cords},
}

@index{as,
name={as},
 description={\doulos{æz} adv.  conj.(比较)像…一样;和...一样
prep. 像,如同;作为, 当作
conj. 当...之时;以...的方式;因为},
}

@index{erosion,
name={erosion},
 description={\doulos{ɪˈrәʊʒәn} n. 腐蚀, 冲蚀, 侵蚀},
 plural= {erosions},
}

@index{desert,
name={desert},
 description={\doulos{ˈdezәtˌ dɪˈsәːt} n. 沙漠},
}

@index{except,
name={except},
 description={\doulos{ɪkˈsept} vt. 除, 除外
vi. 反对
prep. 除了...之外, 若不是, 除非
conj. 只是},
}

@index{cheerful,
name={cheerful},
 description={\doulos{ˈʧɪәfʊl} a. 快活的, 高兴的, 兴高采烈的},
}

@index{undefeated,
name={undefeated},
 description={\doulos{ˌʌndɪˈfiːtɪd} a. (体育)不败的,未尝败绩的},
}

@index{bank,
name={bank},
 description={\doulos{bæŋk} n. 银行, 堤, 岸},
}

@index{hauled,
name={hauled},
 description={\doulos{hɔːld} v-ed. (用力)拖, 拉( haul的过去式和过去分词 )},
}

@index{doubted,
name={doubted},
 description={\doulos{daʊtɪd} v-ed. 怀疑, 疑惑},
}

@index{obey,
name={obey},
 description={\doulos{әˈbeɪ} v. 服从, 遵从, 顺从},
}

@index{faith,
name={faith},
 description={\doulos{feɪθ} n. 信心, 信任},
}

@index{Terrace,
name={Terrace},
 description={\doulos{ˈterәs} 本意是露台、阳台。首字母大写指的是露台店铺,书中指“露台酒吧”。},
}

@index{stuff,
name={stuff},
 description={\doulos{stʌf} n. 原料, 要素, 材料},
}

@index{politely,
name={politely},
 description={\doulos{pәˈlaɪtlɪ} adv. 有礼貌地, 文雅地, 客气地},
}

@index{current,
name={current},
 description={\doulos{ˈkʌrәnt} n. 流,涌流, 趋势,
a. 当前的},
}

@index{depth,
name={depth},
 description={\doulos{depθ} n. 深度, 深处, 深奥},
 plural= {depths},
}

@index{drifted,
name={drifted},
 description={\doulos{drɪftɪd} v-ed. 漂泊; 吹积; 浮现},
}

@index{steady,
name={steady},
 description={\doulos{ˈstedɪ} a. 稳定的, 稳固的,不动摇的;规则的,惯常的},
}

@index{butchered,
name={butchered},
 description={\doulos{ˈbʊtʃəd} v-ed. 宰杀},
}

@index{marlin,
name={marlin},
 description={\doulos{ˈmɑːlɪn} n. 马林鱼(枪鱼)},
}

@index{lay,
name={lay},
 description={\doulos{leɪ} v. 铺设,平铺;(轻轻)放下;
lie的过去式},
}

@index{laid,
name={laid},
 description={\doulos{leɪd} v-ed. 见lay},
}

@index{plank,
name={plank},
 description={\doulos{plæŋk} n. 木板,板材},
 plural= {planks},
}

@index{shark,
name={shark},
 description={\doulos{ʃɑːk} n. 鲨鱼, 骗子},
 plural= {sharks},
}

@index{cove,
name={cove},
 description={\doulos{kәʊv} n. 小(海)湾},
}

@index{hoisted,
name={hoisted},
 description={\doulos{hɔɪstɪd} v-ed. 见hoist},
}

@index{block,
name={block},
 description={\doulos{blɒk} n. 大块,石板木板
vt. 阻塞, 堵塞},
}

@index{tackle,
name={tackle},
 description={\doulos{ˈtækl} n. 吊具},
}

@index{liver,
name={liver},
 description={\doulos{ˈlɪvә} n. 肝脏, 生活者, 居民},
 plural= {livers},
}

@index{fin,
name={fin},
 description={\doulos{fɪn} n. 鳍, 鱼翅, 鳍状物},
 plural= {fins},
}

@index{hide,
name={hide},
 description={\doulos{haɪd} n. 兽皮, 迹象, 躲藏处
vt. 隐藏, 隐瞒, 遮蔽, 剥...的皮
vi. 躲藏},
 plural= {hides},
}

@index{skinned,
name={skinned},
 description={\doulos{ˈskɪnd} v. skin的过去式,skin out剥掉皮},
}

@index{flesh,
name={flesh},
 description={\doulos{ˈfleʃ} n. 肉
vt. 以(被杀动物的)肉喂  vi. 长胖},
}

@index{strip,
name={strip},
 description={\doulos{strɪp} n. 长条, 条状, 带},
 plural= {strips},
}

@index{harbour,
name={harbour},
 description={\doulos{ˈhɑːbә} n. 港, 避难所},
}

@index{faint,
name={faint},
 description={\doulos{feɪnt} n. vi. 昏厥, 昏倒
a. 不清楚的,模糊的, 无力的},
}

@index{edge,
name={edge},
 description={\doulos{eʤ} n. 边缘, 尖锐, 刀刃, 优势
vt. 使锐利, 挤进, 镶边
vi. 缓缓移动},
}

@index{odour,
name={odour},
 description={\doulos{ˈәʊdә} n. 气味, 臭味},
}

@index{drop#off,
name={drop off},
 description={\doulos{} 下降,减少,衰落;不知不觉睡着},
}

@index{pleasant,
name={pleasant},
 description={\doulos{ˈpleznt} a. 愉快的, 可爱的, 活泼的, 亲切的},
}

@index{sardine,
name={sardine},
 description={\doulos{sɑːˈdiːn} n. 沙丁鱼},
 plural= {sardines},
}

@index{still,
name={still},
 description={\doulos{stɪl} n. 蒸馏室, 寂静, 剧照
v. 蒸馏, (使)平静, (使)静止
a. 静止的, 不动的, 静寂的, 不起泡的, 静物摄影的
adv. 仍然, 更, 静止地
conj. 然而, 但是},
}

@index{row,
name={row},
 description={\doulos{rәʊˌ raʊ} n. 排, 行, 划船, 吵闹
vt. 使成排, 划, 划船, 痛骂
vi. 划船, 划动, 争吵},
}

@index{serve,
name={serve},
 description={\doulos{sәːv} vt. 可作...用, 服务, 经历, 招待, 供应, 送交, 对待
vi. 服务, 服役, 侍应, 适合, 有用, 开球
n. 发球, 轮到发球},
}

@index{tore,
name={tore},
 description={\doulos{tɔː} v-ed. tear的过去式,见tear},
}

@index{slapping,
name={slapping},
 description={\doulos{ˈslæpɪŋ} v-ing. 打,拍,掴},
}

@index{banging,
name={banging},
 description={\doulos{ˈbæŋɪŋ} v-ing. 猛敲(拍,砸)},
}

@index{thwart,
name={thwart},
 description={\doulos{θwɔːt} n. 划手座,横坐板},
}

@index{clubbing,
name={clubbing},
 description={\doulos{ˈklʌbɪŋ} v. 用棍棒打},
}

@index{bow,
name={bow},
 description={\doulos{bәʊˌbaʊ} n. 船头;弓, 眼睛框
v. 用弓拉琴, 弯成弓形},
}

@index{shiver,
name={shiver},
 description={\doulos{ˈʃɪvә} vi. (因寒冷, 害怕等)颤抖, 哆嗦},
}

@index{chopping,
name={chopping},
 description={\doulos{ˈʧɒpɪŋ} v-ing. 截断},
}

@index{sweet,
name={sweet},
 description={\doulos{swiːt} a. 甜的},
}

@index{sun-burned,
name={sun-burned},
 description={\doulos{} 被太阳灼伤的,引申为相当光亮的},
}

@index{confident,
name={confident},
 description={\doulos{ˈkɒnfɪdәnt} a. 有信心的, 有把握的},
}

@index{gamble,
name={gamble},
 description={\doulos{ˈɡæmbl} n. 赌博, 冒险
v. 赌博, 孤注一掷},
}

@index{bait,
name={bait},
 description={\doulos{beɪt} n. (钓鱼等用的)饵, 诱饵( bait的名词复数 ); 用作诱饵的人(或物)},
 plural= {baits},
}

@index{freshening,
name={freshening},
 description={\doulos{fˈreʃnɪŋ} v-ing. 梳洗打扮; 使某物新鲜; (使)洁净、清爽},
}

@index{breeze,
name={breeze},
 description={\doulos{briːz} n. 微风
vi. 飘然出现,信步走进},
}

@index{rise,
name={rise},
 description={\doulos{raɪz} v. n. 升起,上升},
 plural= {rises},
}

@index{steal,
name={steal},
 description={\doulos{stiːl} v. 偷窃;剽窃},
}

@index{wonder,
name={wonder},
 description={\doulos{ˈwʌndә} v. n. 惊叹,惊奇,想知道},
}

@index{attained,
name={attained},
 description={\doulos{ /əˈteɪnd} v-ed. 获得,实现},
}

@index{humility,
name={humility},
 description={\doulos{hju:ˈmɪlɪtɪ} n. 谦逊, 谦虚, 谦卑},
}

@index{disgraceful,
name={disgraceful},
 description={\doulos{dɪsˈɡreɪsfʊl} a. 可耻的, 不名誉的},
}

@index{pride,
name={pride},
 description={\doulos{praɪd} n. 骄傲, 自尊心, 自豪},
}

@index{hook,
name={hook},
 description={\doulos{hʊk} n. 钩子,挂钩
v. 钩住,钓住},
}

@index{truly,
name={truly},
 description={\doulos{ˈtru:lɪ} adv. 真实地, 不假},
}

@index{aid,
name={aid},
 description={\doulos{eɪd} n. 帮助, 外援,帮手},
}

@index{dolphin,
name={dolphin},
 description={\doulos{ˈdɒlfɪn} n. 一般指海豚,本文中指鲯鳅鱼,常跳出水面捕食飞鱼},
 plural= {dolphins},
}

@index{turtle,
name={turtle},
 description={\doulos{ˈtәːtl} n. 海龟,go turtle-ing,捕海龟},
}

@index{strange,
name={strange},
 description={\doulos{streɪnʤ} a. 奇怪的, 陌生的,;不寻常的,不可思议的;奇怪的},
}

@index{trick,
name={trick},
 description={\doulos{trɪk} n. 诡计,花招,骗局},
 plural= {tricks},
}

@index{cast,
name={cast},
 description={\doulos{kɑːstˌ kæst} v. 投, 掷, 抛。cast net抛网},
}

@index{gear,
name={gear},
 description={\doulos{ɡɪә} n. 齿轮, 工具},
}

@index{shoulder,
name={shoulder},
 description={\doulos{ˈʃәʊldә} n. 肩, 肩膀, 衣肩 vt. 肩负},
}

@index{braided,
name={braided},
 description={\doulos{ˈbreɪdɪd} v-ed. 把……编成辫子},
}

@index{gaff,
name={gaff},
 description={\doulos{ɡæf} n. 挽钩,手钩},
}

@index{shaft,
name={shaft},
 description={\doulos{ʃæft} n. 轴, 箭杆, 矛, 矿井
vt. 装杆于, 利用},
}

@index{stern,
name={stern},
 description={\doulos{stәːn} n. 尾部, 船尾, 臀},
}

@index{subdue,
name={subdue},
 description={\doulos{sәbˈdju:} vt. 征服,制服;抑制, 克制},
}

@index{alongside,
name={alongside},
 description={\doulos{әˈlɒŋˈsaɪd} adv. 在旁边, 靠拢着
prep. 在...旁边, 与...在一起},
}

@index{dew,
name={dew},
 description={\doulos{dju:} n. 露珠, 露水},
}

@index{needless,
name={needless},
 description={\doulos{ˈniːdlɪs} a. 不需要的, 不必要的},
}

@index{temptation,
name={temptation},
 description={\doulos{tempˈteɪʃənz} n. 诱惑, 诱惑物},
}

@index{shack,
name={shack},
 description={\doulos{ʃæk} n. 陋屋, 棚屋},
}

@index{leaned,
name={leaned},
 description={\doulos{liːnd} v-ed. 见lean},
}

@index{wrapped,
name={wrapped},
 description={\doulos{ræpt} a. 有包装的},
}

@index{against,
name={against},
 description={\doulos{әˈɡeɪnst} prep. 倚靠,靠着;反对, 对着 },
}

@index{nearly,
name={nearly},
 description={\doulos{ˈnɪәlɪ} adv. 几乎, 差不多;将近},
}

@index{tough,
name={tough},
 description={\doulos{tʌf} a. 坚韧的, 坚固的},
}
#N/A

@index{royal#palm,
name={royal palm},
 description={\doulos{ˈrɔɪ.əl pɑːm} n. 王棕榈树},
}

@index{charcoal,
name={charcoal},
 description={\doulos{ˈʧɑːkәʊl} n. 木炭},
}

@index{flattened,
name={flattened},
 description={\doulos{ˈflætnd} v-ed. 变平, 弄平},
}

@index{overlapping,
name={overlapping},
 description={\doulos{ˈәʊvәˈlæpɪŋ} n. 部分重叠部分
v. (部分)重叠,交叠},
}

@index{sturdy,
name={sturdy},
 description={\doulos{ˈstәːdɪ} a. 强健的, 健全的},
}

@index{fibered,
name={fibered},
 description={\doulos{ˈfɪbərd} a. 有纤维的, 纤维质的},
}

@index{relic,
name={relic},
 description={\doulos{ˈrelɪk} n. 文物;遗物;遗迹},
 plural= {relics},
}

@index{pot,
name={pot},
 description={\doulos{pɒt} n. 盆, 罐, 壶},
}

@index{fiction,
name={fiction},
 description={\doulos{ˈfɪkʃәn} n. 虚构、杜撰的事;小说},
}

@index{dressed#out,
name={dressed out},
 description={\doulos{dresd aʊt} 打扮; 去除内脏、骨、毛发等不可食用部分},
}

@index{doorway,
name={doorway},
 description={\doulos{ˈdɔːweɪ} n. 门口, 途径},
}

@index{terminal,
name={terminal},
 description={\doulos{ˈtәːmɪnәl} n. 终端机},
}

@index{order,
name={order},
 description={\doulos{ˈɔːdә} n. 次序, 顺序;命令,指令
v.整理,安排;命令,指令},
}

@index{asleep,
name={asleep},
 description={\doulos{әˈsliːp} a. 睡着的, 长眠的, (四肢)麻木的
adv. 熟睡地},
}

@index{blanket,
name={blanket},
 description={\doulos{ˈblæŋkɪt} n. 毛毯, 毯子
vt. 覆盖,笼罩},
}

@index{spread,
name={spread},
 description={\doulos{spred} n. 传播, 散布, 伸展
a. 双唇展开的, 伸展的
v. 展开, 铺开, 伸展},
}

@index{crease,
name={crease},
 description={\doulos{kriːs} n. 皱痕, 折痕},
 plural= {creases},
}

@index{patched,
name={patched},
 description={\doulos{pætʃt} v-ed. 打补丁,缝补},
}

@index{faded,
name={faded},
 description={\doulos{ˈfeɪdɪd} a. 已褪色的, 已凋谢的},
}

@index{shade,
name={shade},
 description={\doulos{ʃeɪd} n. 荫, 阴凉处, 遮光物},
 plural= {shades},
}

@index{barefooted,
name={barefooted},
 description={\doulos{ˌbeəˈfʊtɪd} a. adv. 光着脚的(地)},
}

@index{knee,
name={knee},
 description={\doulos{niː} n. 膝, 膝盖
vt. 膝行, 用膝盖碰},
 plural= {knees},
}

@index{folding,
name={folding},
 description={\doulos{ˈfәʊldɪŋ} v-ing,折叠},
}

@index{fried,
name={fried},
 description={\doulos{fraɪd} a. 油炸的},
}

@index{stew,
name={stew},
 description={\doulos{stju:} n. 炖的肉和蔬菜
v. 炖,焖,煨},
}

@index{-decker,
name={-decker},
 description={\doulos{ˈdekər} (几)层的},
}

@index{sets,
name={sets},
 description={\doulos{sets} 这里作名词,set的复数,组,套},
}

@index{napkin,
name={napkin},
 description={\doulos{ˈnæpkɪn} n. 餐巾, 餐巾纸, 尿布},
}

@index{belly,
name={belly},
 description={\doulos{ˈbelɪ} n. 腹部
vt. 使鼓起,张满},
}

@index{thoughtful,
name={thoughtful},
 description={\doulos{ˈθɔːtfʊl} a. 深思的, 体贴的},
}

@index{can,
name={can},
 description={\doulos{kæn} n. 金属罐},
 plural= {cans},
}

@index{supply,
name={supply},
 description={\doulos{sәˈplaɪ} n. 补给, 供给, 供应品},
}

@index{thoughtless,
name={thoughtless},
 description={\doulos{ˈθɔːtlɪs} a. 欠考虑的, 无深虑的, 轻率的},
}

@index{soap,
name={soap},
 description={\doulos{sәʊp} n. 肥皂},
}

@index{towel,
name={towel},
 description={\doulos{ˈtaʊәl} n. 手巾, 毛巾},
}

@index{league,
name={league},
 description={\doulos{liːɡ} n. 同盟, 联盟, 盟约},
}

@index{naturally,
name={naturally},
 description={\doulos{ˈnæʧәrәlɪ} adv. 自然地, 以自然力, 天生地},
}

@index{timid,
name={timid},
 description={\doulos{ˈtɪmɪd} a. 胆小的, 羞怯的},
}

@index{mistake,
name={mistake},
 description={\doulos{mɪsˈteɪk} v. n. 错误, 误会},
}

@index{square,
name={square},
 description={\doulos{skweə} n. 正方形, 街区, 广场, 平方, 直角尺
a. 正方形的, 正直的, 公正的, 平方的, 方正的, 结清的
adv. 成直角地, 对准地
vi. 一致, 符合, 结清
vt. 使成方形, 使平方自乘, 调正, 结清, 使一致},
}

@index{rigged,
name={rigged},
 description={\doulos{rɪɡd} v-ed. 将(帆船)装备上……},
}

@index{rough,
name={rough},
 description={\doulos{rʌf} a. 粗糙的, 粗暴的, 艰难的},
}

@index{harsh,
name={harsh},
 description={\doulos{hɑːʃ} a. 刺耳的;残酷的,严厉的;刺激性强的},
}

@index{spoken,
name={spoken},
 description={\doulos{ˈspәʊkәn} a. 口头讲的, 口语的
v-ed. speak},
}

@index{horse,
name={horse},
 description={\doulos{hɔːs} n. 赛马(非正式),马 },
 plural= {horses},
}

@index{frequently,
name={frequently},
 description={\doulos{ˈfriːkwәntlɪ} adv. 频繁, 经常地},
}

@index{at#least,
name={at least},
 description={\doulos{ˌætliːst} adv. 至少;最少;无论怎样,不管如何},
}

@index{equal,
name={equal},
 description={\doulos{ˈiːkwәl} a. 相等的, 平等的,不相上下的},
}

@index{come#along,
name={come along},
 description={\doulos{} phr v. 到达,抵达,出现;跟随,跟着},
}

@index{resolution,
name={resolution},
 description={\doulos{ˌrezәˈlu:ʃәn} n.  决心, 决定;坚决,果断},
}

@index{fresh,
name={fresh},
 description={\doulos{freʃ} a. 新鲜的, 精神饱满的,
adv. 最新地, 刚刚},
}

@index{waken,
name={waken},
 description={\doulos{ˈweɪkn} v. 唤醒, 使觉醒},
}

@index{as#though,
name={as though},
 description={\doulos{} 习语,同as if, 似乎;好像;仿佛},
}

@index{inferior,
name={inferior},
 description={\doulos{ɪnˈfɪәrɪә} a.  较差的, 级别较低的,下等的},
}

@index{rolled,
name={rolled},
 description={\doulos{rәʊld} v-ed. 翻滚,滚动,  绕},
}

@index{pillow,
name={pillow},
 description={\doulos{ˈpɪlәʊ} n. 枕头, 靠垫},
}

@index{Africa,
name={Africa},
 description={\doulos{ˈæfrɪkә} n. 非洲},
}

@index{surf,
name={surf},
 description={\doulos{sәːf} n. 海浪},
}

@index{roar,
name={roar},
 description={\doulos{rɔː} v. n. 咆哮, 吼叫},
}

@index{bare,
name={bare},
 description={\doulos{beə} a. 赤裸的;不加修饰的;基本的
vt. 使赤裸, 露出},
}

@index{native,
name={native},
 description={\doulos{ˈneɪtɪv} n. 本地人, 土产, 当地人
a. 本国的, 与生俱来的, 自然的},
}

@index{feet,
name={feet},
 description={\doulos{fiːt} n. 尺,(复数)脚},
}

@index{cot,
name={cot},
 description={\doulos{kɒt} n. 行军床, 小屋, (家畜等的)棚, (家畜等的)栏},
}

@index{nodded,
name={nodded},
 description={\doulos{ˈnɒdɪd} v-ed. 点头表示, 点(头)},
}

@index{gently,
name={gently},
 description={\doulos{ˈʤentlɪ} adv. 温和地, 温柔地, 轻轻地, 逐渐地},
}

@index{reached,
name={reached},
 description={\doulos{riːʧt} v-ed. 达到,到达; 伸出手臂抓(够)},
}

@index{condensed,
name={condensed},
 description={\doulos{kәnˈdenst} a. 浓缩的;扼要的},
}

@index{although,
name={although},
 description={\doulos{ɔːlˈðoʊ} conj. 虽然, 尽管},
}

@index{credit,
name={credit},
 description={\doulos{ˈkredɪt} n. 信用;赊购﹔信贷;学分},
}

@index{coral,
name={coral},
 description={\doulos{ˈkɒrәl} n. 珊瑚, 珊瑚色},
}

@index{trail,
name={trail},
 description={\doulos{treɪl} n. 小道,小径;踪迹, 痕迹
v. 拖,拉;蔓生,蔓延;追踪},
}

@index{pebbled,
name={pebbled},
 description={\doulos{ˈpebld} a. 名词 pebble “砾石、卵石” 加-ed,转化为形容词},
}

@index{lifted,
name={lifted},
 description={\doulos{ˈlɪftɪd} v-ed. 抬起,举高,升起},
}

@index{slid,
name={slid},
 description={\doulos{slɪd} v-ed. 见slide},
}

@index{slide,
name={slide},
 description={\doulos{slaɪd} v. 滑落,滑动},
}

@index{oars,
name={oars},
 description={\doulos{ɔːzˌ әʊz} n. 桨;桨手(oar的复数)},
 plural= {oars},
}

@index{thole,
name={thole},
 description={\doulos{θәʊl} n. 桨拴,浆架},
}

@index{pin,
name={pin},
 description={\doulos{pɪnz} n. 钉;插脚, 针},
 plural= {pins},
}

@index{leaning,
name={leaning},
 description={\doulos{ˈliːnɪŋ} v-ing. 见lean},
}

@index{thrust,
name={thrust},
 description={\doulos{θrʌst} n. v. 猛推、插或刺},
}

@index{blade,
name={blade},
 description={\doulos{bleɪd} n. 刀刃, 刀口,刀片;叶片,桨叶},
 plural= {blades},
}

@index{dip,
name={dip},
 description={\doulos{dɪp} v. 浸, 蘸;下沉,下落
n. 浸, 涉猎},
}

@index{apart,
name={apart},
 description={\doulos{әˈpɑːt} adv. 相距,相隔地;分离,分开地},
}

@index{rowed,
name={rowed},
 description={\doulos{rəʊd} v-ed. 见row},
}

@index{phosphorescence,
name={phosphorescence},
 description={\doulos{ˌfɒsfәˈresns} n. 磷光, 发磷光特性},
}

@index{weed,
name={weed},
 description={\doulos{wiːd} n. 杂草, 野草},
}

@index{sudden,
name={sudden},
 description={\doulos{ˈsʌdn} n. 突然, 忽然
a. 突然的, 意外的, 快速的},
}

@index{deep,
name={deep},
 description={\doulos{diːp} a. 深的
adv. 深入地
n. 深渊, 深处},
}

@index{fathom,
name={fathom},
 description={\doulos{ˈfæðəm} n. 英寻(水深单位)﹐合6英尺或约1.8米},
}

@index{congregated,
name={congregated},
 description={\doulos{ˈkɒŋɡrɪɡeɪtɪd} v-ed. (使)集合, 聚集},
}

@index{swirl,
name={swirl},
 description={\doulos{swәːl} n. 漩涡
v. 打旋,旋动},
}

@index{steep,
name={steep},
 description={\doulos{stiːp} a. 险峻的, 陡峭的},
}

@index{concentration,
name={concentration},
 description={\doulos{kɒnsəntˈreɪʃnz} n. 聚集者,集结物;专心,注意力},
 plural= {concentrations},
}

@index{shrimp,
name={shrimp},
 description={\doulos{ʃrɪmp} n. 虾, 小虾},
}

@index{school,
name={school},
 description={\doulos{sku:l} n. 学校, 鱼群, 门派, 学派
vt. 教育, 训练, 培养
vi. 成群地游},
 plural= {schools},
}

@index{squid,
name={squid},
 description={\doulos{skwɪd} n. 枪乌贼, 鱿鱼},
}

@index{rose,
name={rose},
 description={\doulos{rәʊz} v-ed. 见rise},
}

@index{surface,
name={surface},
 description={\doulos{ˈsәːfɪs} n. 表面},
}

@index{close#to,
name={close to},
 description={\doulos{} adv. 几乎, 接近},
}

@index{wandering,
name={wandering},
 description={\doulos{ˈwɒndәrɪŋ} a. 漫游的;闲逛的;流浪的},
}

@index{trembling,
name={trembling},
 description={\doulos{ˈtremblɪŋ} a. 发抖的, 战栗的},
}

@index{hissing,
name={hissing},
 description={\doulos{ˈhɪsɪŋ} n. v. 嘶嘶声},
}

@index{stiff,
name={stiff},
 description={\doulos{stɪf} a. 坚硬的, 严厉的, 呆板的, 生硬的, 刚强的, 强烈的, 粘的, 稠的, 艰难的},
}

@index{wing,
name={wing},
 description={\doulos{wɪŋ} n. 翅膀, 机翼},
 plural= {wings},
}

@index{soared,
name={soared},
 description={\doulos{sɔːd} v-ed. 高飞; 猛增},
}

@index{fond,
name={fond},
 description={\doulos{fɒnd} a. 喜欢的, 宠爱的, 温柔的},
}

@index{principal,
name={principal},
 description={\doulos{ˈprɪnsɪpәl} a. 主要的, 最重要的, 首要的},
}

@index{delicate,
name={delicate},
 description={\doulos{ˈdelɪkәt} a.  微妙的, 雅致的,柔和的},
}

@index{tern,
name={tern},
 description={\doulos{tɜːn} n. 燕鸥},
 plural= {terns},
}

@index{robber,
name={robber},
 description={\doulos{ˈrɒbә} n. 强盗, 盗贼},
}

@index{swallow,
name={swallow},
 description={\doulos{ˈswɒlәʊ} n. 燕子;吞咽
v. 吞,咽;吞没,淹没},
}

@index{cruel,
name={cruel},
 description={\doulos{ˈkru:әl} a. 残暴的},
}

@index{hunting,
name={hunting},
 description={\doulos{ˈhʌntɪŋ} v-ing.猎取,猎杀,打猎},
}

@index{delicately,
name={delicately},
 description={\doulos{ /ˈdɛlɪkətli} adv. 精美地,雅致地,清淡地},
}

@index{buoy,
name={buoy},
 description={\doulos{ˈbu:iːz} n. 浮标,航标},
 plural= {buoys},
}

@index{float,
name={float},
 description={\doulos{flәʊt} v. 浮动, 飘动,漂浮 n.漂浮物},
 plural= {floats},
}

@index{masculine,
name={masculine},
 description={\doulos{ˈmæskjʊlɪn} n. 阳性, 男性
a. 男性的, 阳性的, 有丈夫气的},
}

@index{contestant,
name={contestant},
 description={\doulos{kәnˈtestәnt} n. 竞争者},
}

@index{enemy,
name={enemy},
 description={\doulos{ˈenɪmɪ} n. 敌人, 仇敌, 敌军
a. 敌人的},
}

@index{feminine,
name={feminine},
 description={\doulos{ˈfemɪnɪn} a. 女性的,娇柔的;阴性的},
}

@index{withheld,
name={withheld},
 description={\doulos{ˈwɪðˈheld} v-ed. withhold,拒给,不给},
}

@index{favour,
name={favour},
 description={\doulos{ˈfeɪvə} n. 帮忙,善意的行为},
 plural= {favours},
}

@index{wicked,
name={wicked},
 description={\doulos{ˈwɪkɪd} a. 坏的, 邪恶的, 缺德的},
}

@index{affect,
name={affect},
 description={\doulos{әˈfekt} vt. 影响, 感动, 假装;打动},
 plural= {affects},
}

@index{steadily,
name={steadily},
 description={\doulos{ˈstedɪlɪ} adv. 稳定地, 无变化地, 有规则地},
}

@index{effort,
name={effort},
 description={\doulos{ˈefәt} n. 努力, 成就},
}

@index{within,
name={within},
 description={\doulos{wɪˈðɪn} n. 内部, 里头
adv. 在内部, 在内心里
prep. 在...之内},
}

@index{occasional,
name={occasional},
 description={\doulos{әˈkeɪʒәnl} a. 偶然的, 临时的},
}

@index{bonito,
name={bonito},
 description={\doulos{bәˈniːtәʊ} n. 鲣鱼;狐鲣},
}

@index{albacore,
name={albacore},
 description={\doulos{ˈælbәkɔː} n. 鲭鱼,包含长鳍金枪鱼和大西洋鲔},
}

@index{drifting,
name={drifting},
 description={\doulos{ˈdrɪftɪŋ} v-ing. 漂泊; 吹积; 浮现},
}

@index{hung,
name={hung},
 description={\doulos{hʌŋ} hang的过去式和过去分词, 悬着, 垂下},
}

@index{shank,
name={shank},
 description={\doulos{ʃæŋk} n. 扣腿孔环;胫, 小腿;},
}

@index{tied,
name={tied},
 description={\doulos{taɪd} v. 系(tie的过去式和过去分词)},
}

@index{sew,
name={sew},
 description={\doulos{sәʊ} v. 缝纫, 缝合, 缝},
}

@index{solid,
name={solid},
 description={\doulos{ˈsɒlɪd} a. 实心的,没有空隙;可靠的,可信赖的},
}

@index{curve,
name={curve},
 description={\doulos{kәːv} n. 曲线, 弧线},
}

@index{garland,
name={garland},
 description={\doulos{ˈɡɑːlәnd} n. 花环, 荣誉
vt. 戴花环},
}

@index{steel,
name={steel},
 description={\doulos{stiːl} n. 钢, 钢制品, 钢铁},
}

@index{projecting,
name={projecting},
 description={\doulos{prәˈʤektɪŋ} a. 突出的, 伸出的},
}

@index{plummet,
name={plummet},
 description={\doulos{ˈplʌmɪt} n.铅坠},
 plural= {pluments},
}

@index{runner,
name={runner},
 description={\doulos{ˈrʌnә} n. 跑步者, 赛跑者},
}

@index{condition,
name={condition},
 description={\doulos{kәnˈdɪʃәn} n. 情况, 条件
vt. 使健康, 以...为条件, 决定, 使适应},
}

@index{excellent,
name={excellent},
 description={\doulos{ˈekslәnt} a. 优良的, 杰出的, 出色的},
}

@index{scent,
name={scent},
 description={\doulos{sent} n. 气味, 踪迹, 痕迹},
}

@index{attractiveness,
name={attractiveness},
 description={\doulos{əˈtræktɪv} a. 有吸引力的﹐有魅力的:},
}

@index{thick,
name={thick},
 description={\doulos{θɪk} a. 厚的, 粗壮的, 浓的,
adv. 厚地, 密地, 浓浓地},
}

@index{spare,
name={spare},
 description={\doulos{speə} n. 备用品, 备件
a. 多余的, 备用的},
}

@index{proper,
name={proper},
 description={\doulos{ˈprɒpә} a. 适当的, 恰当的,真正的},
}

@index{thinly,
name={thinly},
 description={\doulos{ˈθɪnlɪ} adv. 薄, 细, 瘦},
}

@index{toward,
name={toward},
 description={\doulos{tәˈwɔːd} prep. 向, 对于, 为了
a. 即将来临的, 进行中的},
}

@index{shore,
name={shore},
 description={\doulos{ʃɔː} n. 海岸, 海滨},
}

@index{glare,
name={glare},
 description={\doulos{ɡleə} n. v.(刺眼的)强光},
}

@index{flat,
name={flat},
 description={\doulos{flæt} a. adv. 平直,平坦
n. 扁平物, 平面, 平地, 平原, 平板车},
}

@index{sharply,
name={sharply},
 description={\doulos{ˈʃɑːplɪ} adv. 见sharp},
}

@index{precision,
name={precision},
 description={\doulos{prɪˈsɪʒәn} n. 精密性, 精度},
}

@index{inshore,
name={inshore},
 description={\doulos{ˈɪnˈʃɔː} a. adv. 近海岸的(地), 向陆地},
}

@index{force,
name={force},
 description={\doulos{fɔːs} n. 暴力,强制力量;部队
vt. 强迫, 强迫},
}

@index{painful,
name={painful},
 description={\doulos{ˈpeɪnfʊl} a. 疼痛的, 困难的, 令人烦恼的},
}

@index{ahead,
name={ahead},
 description={\doulos{әˈhed} a. adv. 领先, 预先, 向前;在前面, 在将来},
}

@index{slanting,
name={slanting},
 description={\doulos{ˈslɑːntɪŋ} a. 倾斜的, 歪斜的},
}

@index{crowded,
name={crowded},
 description={\doulos{ˈkraʊdɪd} v-ed. 挤入,涌入},
}

@index{dove,
name={dove},
 description={\doulos{dəʊv} v. (飞机或鸟的)俯冲,dive的过去式,可用dived替代},
}

@index{spurt,
name={spurt},
 description={\doulos{spәːt} n. 喷射流;迸发
v. 喷出, 迸发},
}

@index{desperately,
name={desperately},
 description={\doulos{ˈdespәrәtlɪ} adv. 不顾冒险地;绝望地},
}

@index{wire,
name={wire},
 description={\doulos{ˈwaɪә} n. 金属丝(线)},
}

@index{leader,
name={leader},
 description={\doulos{ˈliːdә} n. 引领者;领导者,  指挥, 领袖},
}

@index{bolt,
name={bolt},
 description={\doulos{bәʊlt} n. 螺拴,金属插销},
}

@index{ineffectually,
name={ineffectually},
 description={\doulos{ˌɪnɪˈfekʧʊəlɪ} adv. 无效地, 无益地},
}

@index{slight,
name={slight},
 description={\doulos{slaɪt} a. 少量的,轻微的, 纤弱的,瘦小的},
}

@index{bulge,
name={bulge},
 description={\doulos{bʌlʤ} n. 凸出部分
v. 肿大,突出},
}

@index{escape,
name={escape},
 description={\doulos{ɪˈskeɪp} n. 逃亡, 避难设备, 逃跑
v. 逃脱, 避开, 溜走},
}

@index{widespread,
name={widespread},
 description={\doulos{ˈwaɪdspred} a. 充分伸展的, 广布的, 普及的, 流传广的},
}

@index{chance,
name={chance},
 description={\doulos{ʧænsˌ ʧɑːns} n. 机会, 可能性;机遇
vi. 偶然(碰巧)发生 vt. 冒险},
}

@index{burst,
name={burst},
 description={\doulos{bәːst} n. 破裂, 突发, 爆发
v. 爆裂, 突然出现},
}

@index{ineffectual,
name={ineffectual},
 description={\doulos{ˌɪnɪˈfekʧʊәl} a. 无效的, 无益的},
}

@index{stray,
name={stray},
 description={\doulos{streɪ} n. 走失或离群的家畜;迷路或离群者
a. 走失的,离群的
vi. 逃离,逃脱},
}

@index{meant,
name={meant},
 description={\doulos{ment} v-ed. 见mean},
}

@index{plankton,
name={plankton},
 description={\doulos{ˈplæŋktәn} n. 浮游生物},
}

@index{mean,
name={mean},
 description={\doulos{miːn} vt. 意谓, 想要, 意欲, 预定},
}

@index{bleached,
name={bleached},
 description={\doulos{bliːʧt} v-ed. 漂白, 晒白, 使颜色变浅},
}

@index{Sargasso,
name={Sargasso},
 description={\doulos{sɑːˈɡæsәʊ} n. 马尾藻},
}

@index{formalized,
name={formalized},
 description={\doulos{ˈfɔːməlaɪzd} v. 正式化;形式化;定形},
}

@index{iridescent,
name={iridescent},
 description={\doulos{ˌɪrɪˈdesәnt} a. 彩虹色的, 变换斑斓的},
}

@index{gelatinous,
name={gelatinous},
 description={\doulos{ʤɪˈlætɪnәs} a. 凝胶状的},
}

@index{bladder,
name={bladder},
 description={\doulos{ˈblædә} n. 膀胱;囊,气泡},
}

@index{righted,
name={righted},
 description={\doulos{ˈraɪtɪd} v-ed. 扶正,回到正常位置,纠正},
}

@index{Portuguese,
name={Portuguese},
 description={\doulos{ˌpɔːtjʊˈɡiːz} n. 葡萄牙人, 葡萄牙语
a. 葡萄牙的, 葡萄牙人的, 葡萄牙语的},
}

@index{bubble,
name={bubble},
 description={\doulos{ˈbʌbl} n. 泡沫
v. 冒泡},
}

@index{filament,
name={filament},
 description={\doulos{ˈfɪləmənt} n. (动物构造中的)丝; 灯丝},
 plural= {filaments},
}

@index{trailing,
name={trailing},
 description={\doulos{ˈtreɪlɪŋ} a. 牵引的;后面的;被拖动的;蔓延的;拖尾的},
}

@index{yard,
name={yard},
 description={\doulos{jɑːd} n. 码(3英尺,0.91米)},
}

@index{whore,
name={whore},
 description={\doulos{hɔː} n. 婊子,娼妓},
}

@index{swung,
name={swung},
 description={\doulos{swʌŋ} swing的过去式和过去分词,摇摆,旋转},
}

@index{immune,
name={immune},
 description={\doulos{ɪˈmju:n} a. 免疫的, 免除的, 不受影响的},
}

@index{poison,
name={poison},
 description={\doulos{ˈpɔɪzn} n. 毒药, 毒, 毒物},
}

@index{slimy,
name={slimy},
 description={\doulos{ˈslaɪmɪ} a. 粘液的,粘糊糊的},
}

@index{welt,
name={welt},
 description={\doulos{ˈwelt} n. (被打、撞后的〕红肿},
 plural= {welts},
}

@index{sore,
name={sore},
 description={\doulos{sɔː} n. (身上的)痛处
a. 痛的, 引起痛苦的,悲伤的},
 plural= {sores},
}

@index{poisoning,
name={poisoning},
 description={\doulos{ˈpɔɪzənɪŋ} n. 中毒
v-ing. 毒害},
 plural= {poisonings},
}

@index{struck,
name={struck},
 description={\doulos{strʌk} strike的过去式和过去分词, 碰(到)、撞(到)},
}

@index{whiplash,
name={whiplash},
 description={\doulos{ˈhwɪplæʃ} n. 鞭打损伤},
}

@index{falsest,
name={falsest},
 description={\doulos{fɔːlsɪst} a. false最高级,最假的;最失败的},
}

@index{approached,
name={approached},
 description={\doulos{əˈprəʊtʃt} v-ed. 靠近,接近},
}

@index{carapaced,
name={carapaced},
 description={\doulos{ˈkær.ə.peɪst} v-ed.被头胸甲保护},
}

@index{horny,
name={horny},
 description={\doulos{ˈhɔːnɪ} a. 角的,  角质的, 老茧的},
}

@index{soles,
name={soles},
 description={\doulos{ˈsɔːles} n. 鞋底( 复数 );脚掌},
}

@index{hawksbill,
name={hawksbill},
 description={\doulos{ˈhɔːksbɪl} n. 玳瑁},
 plural= {hawksbills},
}

@index{elegance,
name={elegance},
 description={\doulos{ˈelɪɡәns} n. 高雅, 典雅, 优雅},
}

@index{contempt,
name={contempt},
 description={\doulos{kәnˈtempt} n. 轻视, 轻蔑},
}

@index{loggerhead,
name={loggerhead},
 description={\doulos{ˈlɒɡəhed} 较长的头},
 plural= {loggerheads},
}
#N/A

@index{mysticism,
name={mysticism},
 description={\doulos{ˈmɪstɪsɪzm} n. 神秘, 神秘教, 模糊思想},
}

@index{trunk,
name={trunk},
 description={\doulos{trʌŋk} n. 躯干,树干},
}

@index{sorry,
name={sorry},
 description={\doulos{ˈsɒrɪ} a. 难过的, 悲哀的, 遗憾的},
}

@index{backs,
name={backs},
 description={\doulos{bæks} n. 背部(back的复数)},
}

@index{weighed,
name={weighed},
 description={\doulos{weɪd} v-ed. 称重},
}

@index{heartless,
name={heartless},
 description={\doulos{ˈhɑːtlɪs} a. 不关心;无情的, 无勇气的},
}

@index{strength,
name={strength},
 description={\doulos{streŋθ} n. 力量;强度},
}

@index{drum,
name={drum},
 description={\doulos{drʌm} n. 大桶;鼓, 鼓声},
}

@index{scattering,
name={scattering},
 description={\doulos{ˈskætәrɪŋ} n. 分散, 散射, 稀疏的少量
a. 四散开的, 分散的},
}

@index{shone,
name={shone},
 description={\doulos{ʃɒn} v-ed. 见shine},
}

@index{silver,
name={silver},
 description={\doulos{ˈsɪlvә} n. 银, 银币, 银器
a. 银的, 银制的, 银器的},
}

@index{direction,
name={direction},
 description={\doulos{dɪˈrekʃәn} n. 方向, 流向;指导, 趋势},
 plural= {directions},
}

@index{churning,
name={churning},
 description={\doulos{ˈʧәːnɪŋ} n. 剧烈搅动,猛烈翻腾},
}

@index{leaping,
name={leaping},
 description={\doulos{ˈliːpɪŋ} v-ing. 跳跃, 跳跃而行},
}

@index{panic,
name={panic},
 description={\doulos{ˈpænɪk} n. 恐慌, 惊慌,慌乱},
}

@index{snapped,
name={snapped},
 description={\doulos{snæpt} v. (啪地)断裂,崩断;拍照,摄影},
}

@index{pull,
name={pull},
 description={\doulos{pʊl} n. v. 拉力;拉, 拖, 拔, 牵,吸引},
}

@index{commenced,
name={commenced},
 description={\doulos{kəˈmenst} v-ed. 开始},
}

@index{haul,
name={haul},
 description={\doulos{hɔːl} v. n. (用力)拖,拉},
}

@index{compact,
name={compact},
 description={\doulos{kәmˈpækt} a. 紧凑的, 紧密的, 简洁的
vt. 使紧密结合, 压缩
vi. 变坚实},
}

@index{bullet,
name={bullet},
 description={\doulos{ˈbʊlɪt} n. 子弹},
}

@index{unintelligent,
name={unintelligent},
 description={\doulos{ˈʌnɪnˈtelɪʤәnt} a. 缺乏才智的,  愚蠢的},
}

@index{thumped,
name={thumped},
 description={\doulos{θʌmpt} v-ed. 重击,锤击,撞击},
}

@index{planking,
name={planking},
 description={\doulos{ˈplæŋkɪŋ} n. 铺板工作, 板材, 船壳板, 地板},
}

@index{stroke,
name={stroke},
 description={\doulos{strәʊk} n. 敲打,击打,打击},
}

@index{neat,
name={neat},
 description={\doulos{niːt} a. 整洁的, 巧妙的, 匀称的, 简洁的},
}

@index{kindness,
name={kindness},
 description={\doulos{ˈkaɪndnɪs} n. 仁慈, 亲切, 和蔼},
}

@index{shuddering,
name={shuddering},
 description={\doulos{ˈʃʌdərɪŋ} v-ing. 战栗; 发抖},
}

@index{sung,
name={sung},
 description={\doulos{sʌŋ} v-ed. sing},
}

@index{smacks,
name={smacks},
 description={\doulos{smæks} n. 小渔船(不常用)},
 plural= {smacks},
}

@index{storm-bound,
name={storm-bound},
 description={\doulos{ˈstɔːm.baʊnd} a. 被暴风雨所阻},
}

@index{considered,
name={considered},
 description={\doulos{kәnˈsɪdәd} v-ed. 仔细考虑,细想},
}

@index{virtue,
name={virtue},
 description={\doulos{ˈvәːtju:} n. 德行, 美德},
}

@index{respect,
name={respect},
 description={\doulos{rɪˈspekt} n. vt. 尊敬, 尊重;重视},
}

@index{aloud,
name={aloud},
 description={\doulos{әˈlaʊd} adv. 出声地, 大声地},
}

@index{capped,
name={capped},
 description={\doulos{kæpt/ } 封顶的,加盖的},
}

@index{straggler,
name={straggler},
 description={\doulos{ˈstræɡlә} n. 游荡者, 掉队者},
}

@index{prism,
name={prism},
 description={\doulos{ˈprɪzəm} n. 棱柱体; 棱镜},
 plural= {prisms},
}

@index{myriad,
name={myriad},
 description={\doulos{ˈmɪrɪәd} n. 无数, 无数的人(或物)
a. 无数的, 种种的},
}

@index{fleck,
name={fleck},
 description={\doulos{flek} n. 斑点, 小点; 癍},
 plural= {flecks},
}

@index{annulled,
name={annulled},
 description={\doulos{əˈnʌld} vt. 废除,取消,(宣告)无效},
}

@index{species,
name={species},
 description={\doulos{ˈspiːʃɪz} n. 物种, 种},
}

@index{distinguished,
name={distinguished},
 description={\doulos{dɪsˈtɪŋɡwɪʃt} a. 尊重的,权威的,非常成功的},
}

@index{among,
name={among},
 description={\doulos{әˈmʌŋ} prep. 在...之中},
}

@index{trickle,
name={trickle},
 description={\doulos{ˈtrɪkl} v. n. 滴, 淌,细流},
}

@index{toe,
name={toe},
 description={\doulos{tәʊ} n. 脚趾},
}

@index{bumping,
name={bumping},
 description={\doulos{ˈbʌmpɪŋ} v-ing. 见bump},
}

@index{thumb,
name={thumb},
 description={\doulos{θʌm} n. 拇指},
}

@index{forefinger,
name={forefinger},
 description={\doulos{ˈfɔːfɪŋɡә} n. 食指},
}

@index{strain,
name={strain},
 description={\doulos{streɪn} n. (拉到极端的)张力,拉力},
}

@index{tentative,
name={tentative},
 description={\doulos{ˈtentәtɪv} a. 试探(性)的;暂时的;初步的},
}
#N/A

@index{unleashed,
name={unleashed},
 description={\doulos{ˌʌnˈliːʃt} v-ed(感情、力量等)释放},
}

@index{tension,
name={tension},
 description={\doulos{ˈtenʃәn} n. v. 拉紧,绷紧,(精神上)紧张},
}

@index{Christ,
name={Christ},
 description={\doulos{kraɪst} n. 基督, 救世主},
}

@index{unrolling,
name={unrolling},
 description={\doulos{ʌnˈrəʊlɪŋ} v-ing. (卷状物)铺开,展开},
}

@index{reserve,
name={reserve},
 description={\doulos{rɪˈzәːv} n. 备用,储备},
}

@index{pressure,
name={pressure},
 description={\doulos{ˈpreʃә} n. 压力,压迫},
}

@index{imperceptible,
name={imperceptible},
 description={\doulos{ˌɪmpәˈseptɪbl} a. 无只觉得,不能感知的, 微细的},
}

@index{sideways,
name={sideways},
 description={\doulos{ˈsaɪdweɪz} adv. 向旁边, 向侧面地},
}

@index{crosswise,
name={crosswise},
 description={\doulos{ˈkrɒswaɪz} adv. 斜地, 成十字状地, 交叉地},
}

@index{tightened,
name={tightened},
 description={\doulos{ˈtaɪtnd} v-ed.(使)变紧; (使)绷紧; 加紧},
}

@index{slip,
name={slip},
 description={\doulos{slɪp} n. 滑, 滑行
v. 滑落、滑离、脱落},
}

@index{at#table,
name={at table},
 description={\doulos{} 在进餐,进餐时,席间},
}
#N/A

@index{swinging,
name={swinging},
 description={\doulos{ˈswɪŋɪŋ} swing的现在分词},
}

@index{alternately,
name={alternately},
 description={\doulos{ˈɔːltәnәtlɪ} adv. 交替地, 间隔地},
}

@index{pivoted,
name={pivoted},
 description={\doulos{ˈpɪvәtɪd} n. 支点,中心点,枢纽},
}

@index{inch,
name={inch},
 description={\doulos{ɪnʧ} n. 英寸(2.54cm)},
}

@index{taut,
name={taut},
 description={\doulos{tɔːt} a. 拉紧的, 绷紧的},
}

@index{bead,
name={bead},
 description={\doulos{biːd} n. (液体)小滴;(有孔)小珠},
 plural= {beads},
}

@index{bracing,
name={bracing},
 description={\doulos{ˈbreɪsɪŋ} a. 凉爽的, 爽快的;
v-ing. 防备,顶住,抵住},
}

@index{calm,
name={calm},
 description={\doulos{kɑːm} n. 平稳, 风平浪静
a. 平静的, 冷静的;无风的
v. 平静, 镇静},
}

@index{towed,
name={towed},
 description={\doulos{təʊd} v-ed. 拖, 拉, 拽},
}

@index{bitt,
name={bitt},
 description={\doulos{bɪt} n. 系缆柱
vt. 系于缆柱},
}

@index{plenty,
name={plenty},
 description={\doulos{ˈplentɪ} n. pron. 充分, 很多, 丰富,常和 of 连用},
}

@index{braced,
name={braced},
 description={\doulos{breɪst} a. 撑牢的;拉牢的;支撑的},
}

@index{solidly,
name={solidly},
 description={\doulos{ˈsɒlɪdli} adv. 坚固、牢固、结实地},
}

@index{straw,
name={straw},
 description={\doulos{strɔː} n. 稻草,麦管
a. 稻草的, 稻草色的},
}

@index{forehead,
name={forehead},
 description={\doulos{ˈfɔːrɪd} n. 额, 前额},
}

@index{thirsty,
name={thirsty},
 description={\doulos{ˈθәːstɪ} a. 口渴的, 渴望的, 干燥的},
}

@index{jerk,
name={jerk},
 description={\doulos{ʤәːk} v. 猛拉,猛推,突然移动},
}
#N/A

@index{endure,
name={endure},
 description={\doulos{ɪnˈdjʊә} vt. 忍受, 忍耐
vi. (正式)持久, 持续},
 plural= {endures},
}

@index{visible,
name={visible},
 description={\doulos{ˈvɪzәbl} a. 看得见的, 明显的, 显然的
n. 可见物},
}

@index{glow,
name={glow},
 description={\doulos{ɡlәʊ} n. (持续不变的)光(或热)},
}

@index{cramp,
name={cramp},
 description={\doulos{kræmp} n. 痉挛, 抽筋;腹部绞痛
vt. 阻碍,阻止(发展或进步)},
 plural= {cramps},
}

@index{tight,
name={tight},
 description={\doulos{taɪt} a.  adv. 紧、 牢牢的(地)},
}

@index{course,
name={course},
 description={\doulos{kɔːs} n. 课程;道路,路线 },
}

@index{sweat,
name={sweat},
 description={\doulos{swet} n. 汗, 汗水
v. 出汗},
}

@index{cautiously,
name={cautiously},
 description={\doulos{ˈkɔːʃәslɪ} adv. 慎重地},
}

@index{cushioned,
name={cushioned},
 description={\doulos{ˈkʊʃәnd} v-ed. 见cushion},
}

@index{somewhat,
name={somewhat},
 description={\doulos{ˈsʌmhwɒt} n. 某物, 几分
adv. 多少, 几分},
}

@index{intolerable,
name={intolerable},
 description={\doulos{ɪnˈtɒlәrәbl} a. 无法忍受的, 不能容忍的},
}

@index{over,
name={over},
 description={\doulos{ˈәʊvә} prep. 在...之上, 遍于...之上, 越过;边、端;关于,在某方面},
}

@index{phosphorescent,
name={phosphorescent},
 description={\doulos{ˌfɒsfәˈresnt} a. 发出磷光的, 闪磷火的, 磷光性的},
}

@index{streak,
name={streak},
 description={\doulos{striːk} n. 条理, 斑纹},
}

@index{eastward,
name={eastward},
 description={\doulos{ˈiːstwәd} n. 朝东方向
a. 向东方的
adv. 向东地},
}

@index{unavoidable,
name={unavoidable},
 description={\doulos{ˌʌnәˈvɔɪdәbl} a. 不可避免的, 必然的},
}

@index{spoil,
name={spoil},
 description={\doulos{spɔɪlz} n. 战利品, 赃物, 奖品, 变质, 次品
vt. 损坏, 破坏, 溺爱
vi. 腐坏, 掠夺},
 plural= {spoils},
}

@index{porpoise,
name={porpoise},
 description={\doulos{ˈpɔːpəsɪ} n. 鼠海豚},
 plural= {porpoises},
}

@index{rolling,
name={rolling},
 description={\doulos{ˈrәʊlɪŋ} v-ing. 翻滚,滚动,绕},
}

@index{blow,
name={blow},
 description={\doulos{blәʊ} n. 吹;重击, 殴打;花开
v. 吹;风吹, 吹响;开花},
}

@index{blowing,
name={blowing},
 description={\doulos{ˈblәʊɪŋ} blow的现在分词},
}

@index{male,
name={male},
 description={\doulos{meɪl} n. 男人, 雄性动物
a. 男性的, 雄性的, 有力的},
}

@index{female,
name={female},
 description={\doulos{ˈfiːmeɪl} n. 女性, 女人, 雌性动物 a. 雌性的},
}

@index{acted,
name={acted},
 description={\doulos{ˈæktɪd} vi. 行动, 表演;起作用,见效},
}

@index{wise,
name={wise},
 description={\doulos{waɪz} a. 聪明的,智慧的},
}

@index{ruin,
name={ruin},
 description={\doulos{rʊɪn} vt. 使毁灭, 毁坏, 使破产},
}

@index{desperate,
name={desperate},
 description={\doulos{ˈdespәrәt} a. 不顾一切的, 危急的, 令人绝望的, 极渴望的},
}

@index{stricken,
name={stricken},
 description={\doulos{ˈstrɪkәn} a. 受打击的, 负了伤的, 衰老的, 受灾的},
}

@index{despairing,
name={despairing},
 description={\doulos{dɪsˈpeәrɪŋ} a. 感到/表示绝望的},
}

@index{exhausted,
name={exhausted},
 description={\doulos{ɪɡˈzɔːstɪd} a. 耗尽的;疲惫的},
}

@index{scythe,
name={scythe},
 description={\doulos{saɪð} n. 长柄大镰刀, 大钐镰
vt. 用大镰刀割},
}

@index{rapier,
name={rapier},
 description={\doulos{ˈreɪpjә} n. 双刃刺剑,细剑},
}

@index{bill,
name={bill},
 description={\doulos{bɪl} n. 喙,鸟嘴;帐单, 钞票(美)},
}

@index{sandpaper,
name={sandpaper},
 description={\doulos{ˈsændpeɪpә} n. 砂纸},
}

@index{lavender,
name={lavender},
 description={\doulos{ˈlævɪndә} n. 熏衣草, 淡紫色},
}

@index{pectoral#fin,
name={pectoral fin},
 description={\doulos{ˈpektərəl fɪn} n. 胸鳍},
 plural= {pectoral fins},
}

@index{stripe,
name={stripe},
 description={\doulos{straɪp} n. 斑纹, 条纹},
 plural= {stripes},
}

@index{promptly,
name={promptly},
 description={\doulos{ˈprɒmptlɪ} adv. 敏捷地, 迅速地},
}

@index{settled,
name={settled},
 description={\doulos{ˈsetld} v-ed. 固定,安居,停落(靠)},
}

@index{treachery,
name={treachery},
 description={\doulos{ˈtreʧәrɪ} n. 欺骗行为,欺骗性;背叛, 变节},
}

@index{beyond,
name={beyond},
 description={\doulos{bɪˈjɒnd} prep. 超出…之外;非…所能及;晚于;迟于},
}

@index{snare,
name={snare},
 description={\doulos{sneə} n. 陷阱; 圈套;诱惑物},
 plural= {snares},
}

@index{trap,
name={trap},
 description={\doulos{træp} n. 圈套, 陷阱},
 plural= {traps},
}

@index{either,
name={either},
 description={\doulos{} a. pron.  (两者之中)任一, (两者之中)各一
conj. 或, 要么},
}

@index{gunwale,
name={gunwale},
 description={\doulos{ˈɡʌnl} n. 船舷上缘},
}

@index{loosened,
name={loosened},
 description={\doulos{lu:snd} v-ed. loose的过去式和过去分词},
}

@index{sheath,
name={sheath},
 description={\doulos{ʃiːθ} n. 鞘, 叶鞘, 翅鞘},
}

@index{loose,
name={loose},
 description={\doulos{lu:s} v. 放松,松开,解除},
 plural= {looses},
}

@index{skillfully,
name={skillfully},
 description={\doulos{ˈskɪlfəli} adv. 有技巧地(美)},
}

@index{drew,
name={drew},
 description={\doulos{dru:} draw的过去式},
}

@index{knot,
name={knot},
 description={\doulos{nɒt} n. 结, 群, 难题
v. 打结, (使)纠缠},
 plural= {knots},
}

@index{surge,
name={surge},
 description={\doulos{sәːʤ} n. 巨涌, 汹涌, 翻腾},
}

@index{coagulated,
name={coagulated},
 description={\doulos{kəʊˈæɡjəˌleɪtɪd} v-ed. 凝固; 使结块, 使变稠},
}

@index{chin,
name={chin},
 description={\doulos{ʧɪn} n. 下巴, 颏},
}

@index{adjusted,
name={adjusted},
 description={\doulos{әˈʤʌstɪd} a. 调整过的},
}
#N/A

@index{progress,
name={progress},
 description={\doulos{ˈprәʊɡres} n. 进步, 发展, 前进
vi. 进步, 进行},
}

@index{lurch,
name={lurch},
 description={\doulos{lәːʧ} n. 突然倾斜、摇晃},
}

@index{suppose,
name={suppose},
 description={\doulos{sәˈpәʊz} vt. 料想,认为,估计
vi. 猜想},
}

@index{extended,
name={extended},
 description={\doulos{ɪkˈstendɪd} v-ed. a. 扩大,扩充,扩展},
}

@index{realized,
name={realized},
 description={\doulos{ˈrɪəlaɪzd} v-ed. 体会;认知;明白,了解},
}

@index{favorable,
name={favorable},
 description={\doulos{ˈfeɪvərəbl} a. 有利的, 赞许的, 良好的},
}

@index{necessarily,
name={necessarily},
 description={\doulos{ˈnesɪsәrɪlɪ} adv. 必然地, 必须地, 必要地},
}

@index{handle,
name={handle},
 description={\doulos{hændl} vt. 处理, 操作},
}

@index{backbone,
name={backbone},
 description={\doulos{ˈbækbәʊn} n. 脊椎,脊骨;骨干,骨气},
}

@index{harshness,
name={harshness},
 description={\doulos{ˈhɑːʃnəs} a. 恶劣的﹐艰苦的﹐严峻的},
}

@index{widen,
name={widen},
 description={\doulos{ˈwaɪdn} v. 放宽, 加宽, 变宽},
 plural= {widens},
}

@index{anyway,
name={anyway},
 description={\doulos{ˈenɪweɪ} adv. 无论如何, 至少},
}

@index{for#once,
name={for once},
 description={\doulos{} 仅此一次;破例一回},
}

@index{drag,
name={drag},
 description={\doulos{dræɡ} n. 拖, 拖累},
}

@index{warbler,
name={warbler},
 description={\doulos{ˈwɔːblә} n. 莺科鸟,鸣禽},
}

@index{teetered,
name={teetered},
 description={\doulos{ˈtiːtəd} v-ed. 摇晃,酿跄,摇摇欲坠},
}

@index{gripped,
name={gripped},
 description={\doulos{ɡrɪpt} v-ed. 见grip},
}

@index{hawk,
name={hawk},
 description={\doulos{hɔːk} n. 鹰},
 plural= {hawks},
}

@index{encouraged,
name={encouraged},
 description={\doulos{ɪnˈkɜːrɪdʒd} v-ed. 鼓励,激励},
}

@index{stiffened,
name={stiffened},
 description={\doulos{ˈstɪfənd} v-ed. 使僵硬、挺直},
}

@index{hoist,
name={hoist},
 description={\doulos{hɔɪst} v. n.  吊起,升起,举起;升高},
}

@index{overboard,
name={overboard},
 description={\doulos{ˈәʊvәbɔːd} adv. 自船上落下, 向船弦外},
}

@index{noticed,
name={noticed},
 description={\doulos{ˈnəʊtɪst} v-ed. 感觉到,注意到},
}

@index{company,
name={company},
 description={\doulos{ˈkʌmpәnɪ} n. 公司;友伴;交往},
}

@index{attention,
name={attention},
 description={\doulos{әˈtenʃәn} n. 注意, 注意力},
}

@index{failure,
name={failure},
 description={\doulos{ˈfeɪljә} n. 失败(者), 不足, 缺乏, 破产},
}

@index{kneel,
name={kneel},
 description={\doulos{niːl} vi. 跪下},
}

@index{patient,
name={patient},
 description={\doulos{ˈpeɪʃәnt} a. 忍耐的, 容忍的, 坚忍的},
}

@index{submerged,
name={submerged},
 description={\doulos{sәbˈmәːʤd} a. 水下的, 在水中的},
}

@index{longitudinally,
name={longitudinally},
 description={\doulos{ˌlɒnʤɪˈtju:dɪnəlɪ} adv. 纵向地},
}

@index{wedge-shaped,
name={wedge-shaped},
 description={\doulos{ˈweʤʃeɪpt} a. 楔形的},
}

@index{wiped,
name={wiped},
 description={\doulos{waɪpt} v-ed. 擦; 拭},
}

@index{carcass,
name={carcass},
 description={\doulos{ˈkɑːkәs} n. 尸体},
}

@index{entire,
name={entire},
 description={\doulos{ɪnˈtaɪә} n. 整个, 全部
a. 全体的, 完全的, 全部的},
}

@index{draw,
name={draw},
 description={\doulos{drɔː} v. 拉, 拖, 画,打成平局},
}

@index{disgust,
name={disgust},
 description={\doulos{dɪsˈɡʌst} n. 反感,憎恶},
}

@index{claw,
name={claw},
 description={\doulos{klɔː} n. 爪, 螯
v. (用爪子或手指甲)抓,撕,挠},
}

@index{strengthen,
name={strengthen},
 description={\doulos{ˈstreŋθәn} vt. 加强, 变坚固
vi. 变强, 股票上涨},
}

@index{lime,
name={lime},
 description={\doulos{laɪm} n. 酸橙,石灰, 粘鸟胶},
}

@index{rigor#mortis,
name={rigor mortis},
 description={\doulos{rɪɡә ˈmɔːtɪs} n. 尸僵,死后强直},
}

@index{full-blooded,
name={full-blooded},
 description={\doulos{ˌfʊl ˈblʌdɪd} a. 精力旺盛的,毫不妥协的,猛烈的;纯种的},
}

@index{instead,
name={instead},
 description={\doulos{ɪnˈsted} adv. 替代,顶替},
}

@index{nonsense,
name={nonsense},
 description={\doulos{ˈnɒnsәns} n. 胡闹,废话,胡说;无意义},
}

@index{practical,
name={practical},
 description={\doulos{ˈpræktɪkl} a. 实际的, 现实的, 实用性的},
}

@index{rot,
name={rot},
 description={\doulos{rɒt} v. n. 腐烂, 腐蚀},
}

@index{conscientiously,
name={conscientiously},
 description={\doulos{ˌkɒnʃiˈenʃəsli} adv. 勤勉认真地,细心负责地},
}

@index{rubbed,
name={rubbed},
 description={\doulos{rʌbd} v-ed. 见rub},
}

@index{gentle,
name={gentle},
 description={\doulos{ˈʤentl} a. 温和的, 文雅的},
}

@index{digested,
name={digested},
 description={\doulos{daɪˈʤestɪd} v-ed. 消化; 透彻了解},
}

@index{accord,
name={accord},
 description={\doulos{әˈkɔːd} n. 出于自愿,主动;协约,条约},
}

@index{abused,
name={abused},
 description={\doulos{əˈbjuːzd} v-ed. 滥用,妄用},
}

@index{untie,
name={untie},
 description={\doulos{ˌʌnˈtaɪ} v. 解开,松开},
}

@index{various,
name={various},
 description={\doulos{ˈveərɪәs} a. 不同的, 各种各样的},
}

@index{stretching,
name={stretching},
 description={\doulos{ˈstreʧɪŋ} n.伸展, 锻伸},
}

@index{undulation,
name={undulation},
 description={\doulos{ˌʌndjʊˈleɪʃәn} n. 波动, 波状弯曲, 起伏},
}

@index{flight,
name={flight},
 description={\doulos{flaɪt} n. 鸟群,机群;飞行,飞机航程, 班机},
}

@index{etching,
name={etching},
 description={\doulos{ˈeʧɪŋ} v-ing. 蚀刻,凿刻},
}

@index{blurring,
name={blurring},
 description={\doulos{ˈblәːrɪŋ} v-ing. 模糊},
}

@index{feared,
name={feared},
 description={\doulos{fɪəd} v-ed. 见fear},
}

@index{hurricane,
name={hurricane},
 description={\doulos{ˈhәːrɪkәn} n. (加勒比海)飓风},
}

@index{sign,
name={sign},
 description={\doulos{saɪn} n. 征兆;符号;正负号;手势
v. 签名},
}

@index{ashore,
name={ashore},
 description={\doulos{әˈʃɔː} adv. 向岸, 在岸上},
}

@index{cumulus,
name={cumulus},
 description={\doulos{ˈkju:mjʊlәs} n. 积云, 堆积物},
}

@index{pile,
name={pile},
 description={\doulos{paɪl} n. 堆, 大量;建筑群},
 plural= {piles},
}

@index{feather,
name={feather},
 description={\doulos{ˈfeðә} n. 羽毛},
 plural= {feathers},
}

@index{cirrus,
name={cirrus},
 description={\doulos{ˈsɪrәs} n. 卷须, 蔓足, 触毛},
}

@index{unknotting,
name={unknotting},
 description={\doulos{ʌnˈnɒt.ɪŋ} v-ing. (肌肉)放松;解开(解)},
}

@index{humiliating,
name={humiliating},
 description={\doulos{hju:ˈmɪlɪeɪtɪŋ} a. 丢脸的, 耻辱的, 羞愧的},
}

@index{diarrhoea,
name={diarrhoea},
 description={\doulos{daɪәˈrɪә} n. 腹泻},
}

@index{ptomaine,
name={ptomaine},
 description={\doulos{ˈtәʊmeɪn} n. 尸毒},
}

@index{vomit,
name={vomit},
 description={\doulos{ˈvɒmɪt} v. 呕吐},
}

@index{rub,
name={rub},
 description={\doulos{rʌb} vt. 擦, 搓, 摩擦},
}

@index{loosen,
name={loosen},
 description={\doulos{lu:sn} v. 放松些,宽松些,解开},
}

@index{forearm,
name={forearm},
 description={\doulos{ˈfɔːrɑːm} n. 前臂},
 plural= {forarms},
}

@index{thigh,
name={thigh},
 description={\doulos{θaɪ} n. 大腿, 股},
}

@index{bulged,
name={bulged},
 description={\doulos{bʌlʤd} v-ed. 见bulge},
}

@index{unendingly,
name={unendingly},
 description={\doulos{ʌˈnendɪŋlɪ} adv. 无止境地, 不尽地},
}

@index{poured,
name={poured},
 description={\doulos{pɔːd} v-ed. 涌出;倾泻, 倒},
}

@index{bat,
name={bat},
 description={\doulos{bæt} n. 球棒,蝙蝠},
}

@index{tapered,
name={tapered},
 description={\doulos{ˈteɪpəd} v-ed. 逐渐变窄变细},
}

@index{smoothly,
name={smoothly},
 description={\doulos{ˈsmu:ðlɪ} adv. 平滑地, 流畅地, 流利地},
}

@index{panicked,
name={panicked},
 description={\doulos{ˈpænɪkt} v-ed.  a. 见panic,非规则},
}

@index{convince,
name={convince},
 description={\doulos{kәnˈvɪns} vt. 说服, 使信服。海明威用古意“彻底征服”。},
}

@index{intelligent,
name={intelligent},
 description={\doulos{ɪnˈtelɪʤәnt} a. 聪明的, 智能的},
}

@index{noble,
name={noble},
 description={\doulos{ˈnәʊbl} a. 高贵的, 高尚的, 贵族的, 辉煌的},
}

@index{able,
name={able},
 description={\doulos{ˈeɪbl} a. 能干的, 能够的},
}

@index{unworthy,
name={unworthy},
 description={\doulos{ˌʌnˈwәːðɪ} a. 不值得的,不配得到的},
}

@index{usual,
name={usual},
 description={\doulos{ˈju:ʒʊәl} a. 平常的, 通常的},
}

@index{pace,
name={pace},
 description={\doulos{peɪs} n. 步调, 步速},
}

@index{suffering,
name={suffering},
 description={\doulos{ˈsʌfәrɪŋ} n. 痛苦﹐苦难﹐折磨},
}

@index{shift,
name={shift},
 description={\doulos{ʃɪft} v. 转移},
 plural= {shifts},
}

@index{admit,
name={admit},
 description={\doulos{әdˈmɪt} v. 承认, 接受;允许进入, 容许},
}

@index{religious,
name={religious},
 description={\doulos{rɪˈlɪʤәs} a. 宗教性的, 虔诚的},
}

@index{pilgrimage,
name={pilgrimage},
 description={\doulos{ˈpɪlɡrɪmɪʤ} n. 朝圣(之旅)},
}

@index{prayer,
name={prayer},
 description={\doulos{preəˌ ˈpreɪә} n. 祈祷, 恳求, 祷辞, 祈祷者},
 plural= {prayers},
}

@index{mechanically,
name={mechanically},
 description={\doulos{mɪˈkænɪkәlɪ} adv. 机械地},
}

@index{attract,
name={attract},
 description={\doulos{әˈtrækt} vt. 吸引, 诱惑},
}

@index{greatness,
name={greatness},
 description={\doulos{ˈɡreɪtnɪs} n.巨大, 广大},
}

@index{glory,
name={glory},
 description={\doulos{ˈɡlɔːrɪ} n. 名望,荣耀;壮丽;繁荣},
}

@index{unjust,
name={unjust},
 description={\doulos{ˌʌnˈʤʌst} a. 不公平公正的},
}

@index{easterly,
name={easterly},
 description={\doulos{ˈiːstәlɪ} a. 东的, 向东的, 从东的
adv. 向东},
}

@index{slightly,
name={slightly},
 description={\doulos{ˈslaɪtlɪ} adv. 少量地,轻微地},
}

@index{picture,
name={picture},
 description={\doulos{ˈpɪkʧә} n. 图画, 照片, 景色, 生动的描述, 想像},
}

@index{erect,
name={erect},
 description={\doulos{ɪˈrekt} a. 直立的, 竖立的, 笔直的},
}

@index{slicing,
name={slicing},
 description={\doulos{ˈslaɪsɪŋ} n. 切下的薄片},
}

@index{absolute,
name={absolute},
 description={\doulos{ˈæbsәlu:t} a. 绝对的, 完全的, 独立的},
}

@index{shrugged,
name={shrugged},
 description={\doulos{ʃˈrʌɡd} v-ed. 耸肩},
}

@index{spur,
name={spur},
 description={\doulos{spәː} n. 马刺, 靴刺,刺激物, 鼓舞},
}

@index{heel,
name={heel},
 description={\doulos{hiːl} n. 脚后跟, 踵},
}

@index{beside,
name={beside},
 description={\doulos{bɪˈsaɪd} prep. 在旁边;与…相比},
}

@index{beast,
name={beast},
 description={\doulos{biːst} n. 野兽, 畜生, 兽性},
 plural= {beasts},
}

@index{tavern,
name={tavern},
 description={\doulos{ˈtævәn} n. 酒馆, 客栈},
}

@index{Casablanca,
name={Casablanca},
 description={\doulos{ˌkæsәˈblæŋkә} n. 卡萨布兰卡,非洲摩洛哥最大的城市},
}

@index{negro,
name={negro},
 description={\doulos{ˈniːɡrәʊ} n. 黑人(冒犯性)},
}

@index{Cienfuegos,
name={Cienfuegos},
 description={\doulos{sjenˈfweɡɔːs} 西恩富戈斯[古巴中南部港市]},
}

@index{dock,
name={dock},
 description={\doulos{dɒk} n. 码头, 船坞, 被告席},
 plural= {docks},
}

@index{elbow,
name={elbow},
 description={\doulos{ˈelbәʊ} n. 手肘, 弯头, 扶手},
 plural= {elbows},
}

@index{chalk,
name={chalk},
 description={\doulos{ʧɔːk} n. 粉笔 vt. 用粉笔写, 记录},
}

@index{betting,
name={betting},
 description={\doulos{ˈbetɪŋ} n. 打赌},
}

@index{kerosene,
name={kerosene},
 description={\doulos{ˈkerәsiːn} n. 煤油, 火油, 灯油},
}

@index{referee,
name={referee},
 description={\doulos{ˌrefәˈriː} n. 裁判员,仲裁人, 调解人},
 plural= {referees},
}

@index{fingernail,
name={fingernail},
 description={\doulos{ˈfɪŋɡәneɪl} n. 手指甲},
 plural= {fingernails},
}

@index{bettor,
name={bettor},
 description={\doulos{ˈbetә} n. 打赌者,赌徒},
 plural= {bettors},
}

@index{threw,
name={threw},
 description={\doulos{θru:} throw的过去式},
}

@index{throw,
name={throw},
 description={\doulos{θrәʊ} v. 丢, 掷, 抛
n. 投掷},
}

@index{odds,
name={odds},
 description={\doulos{ɒdz} n. 可能性, 几率,  胜算},
}

@index{forth,
name={forth},
 description={\doulos{fɔːθ} adv. 往前, 以后, 向外},
}

@index{rum,
name={rum},
 description={\doulos{rʌm} n. 朗姆酒},
}

@index{tremendous,
name={tremendous},
 description={\doulos{trɪˈmendәs} a. 巨大的, 非常的, 可怕的},
}

@index{athlete,
name={athlete},
 description={\doulos{ˈæθliːt} n. 运动员},
}

@index{beaten,
name={beaten},
 description={\doulos{ˈbiːtn} a. 被打败的, 筋疲力竭的;敲平的, 踏平的
beat的过去分词},
}

@index{loading,
name={loading},
 description={\doulos{ˈlәʊdɪŋ} n. 装载, 装填},
}

@index{otherwise,
name={otherwise},
 description={\doulos{ˈʌðәwaɪz} adv. 否则, 不同地, 别的方式},
}

@index{badly,
name={badly},
 description={\doulos{ˈbædlɪ} adv. 严重地, 恶劣地, 极度地},
}

@index{traitor,
name={traitor},
 description={\doulos{ˈtreɪtә} n. 叛徒,叛逆者, 叛国者},
}

@index{bake,
name={bake},
 description={\doulos{beɪk} n. v. 烘焙, 烤(面包)},
}

@index{hardness,
name={hardness},
 description={\doulos{ˈhɑːdnəs} n. 坚硬, 困难, 严厉, 勇气},
}
#N/A

@index{preceded,
name={preceded},
 description={\doulos{ˌprɪˈsiːdɪd} v-ed. 在…之前发生(或出现), 先于},
}

@index{anger,
name={anger},
 description={\doulos{ˈæŋɡә} n. 忿怒
v. 激怒, 使发怒},
}

@index{heaved,
name={heaved},
 description={\doulos{hiːvd} v-ed. 起伏; 用力举(拉、拖)起},
}

@index{bending,
name={bending},
 description={\doulos{ˈbendɪŋ} v-ing. 弯曲、折弯;俯身,前倾},
}

@index{flapping,
name={flapping},
 description={\doulos{ˈflæpɪŋ} v-ing. 拍动,振翅},
}

@index{acrobatics,
name={acrobatics},
 description={\doulos{ˌækrәʊˈbætɪks} n-pl. 杂技, 杂技表演},
}

@index{fear,
name={fear},
 description={\doulos{fɪә} n. 恐怖, 害怕, 担心
v. 害怕, 恐惧,敬畏},
}

@index{crouching,
name={crouching},
 description={\doulos{kraʊtʃ} v-ing. 蹲,蹲下,蹲伏},
}

@index{stem,
name={stem},
 description={\doulos{stem} n.  船首},
}

@index{plunging,
name={plunging},
 description={\doulos{ˈplʌnʤɪŋ} v-ing. 剧烈颠簸、震荡;暴跌、骤降},
}

@index{desperation,
name={desperation},
 description={\doulos{ˌdespәˈreɪʃәn} n. 绝望},
}

@index{burnished,
name={burnished},
 description={\doulos{ˈbɜːnɪʃt}  v-ed. 抛光,打磨
a. 抛光的, 光亮的},
}

@index{jaw,
name={jaw},
 description={\doulos{ʤɔː} n. 颚, 颌 n-pl. (人或动物﹐尤指猛兽的)嘴},
 plural= {jaws},
}

@index{convulsively,
name={convulsively},
 description={\doulos{kənˈvʌlsɪvlɪ} adv. 痉挛性地},
}

@index{clubbed,
name={clubbed},
 description={\doulos{klʌbd} v-ed. 用棍棒打;联手},
}

@index{tossed,
name={tossed},
 description={\doulos{tɒst} v-ed. (轻轻或漫不经心地)扔,抛},
}

@index{perceptibly,
name={perceptibly},
 description={\doulos{pәˈseptɪblɪ} adv. perceptible的副词形式},
}

@index{lash,
name={lash},
 description={\doulos{læʃ} v. 系紧,拴牢;鞭打,棒打},
}

@index{grasped,
name={grasped},
 description={\doulos{ɡrɑːspt} v-ed. 抓住; 了解},
}

@index{eased,
name={eased},
 description={\doulos{iːzd} v-ed. 减轻, 放松,轻易},
}

@index{dullness,
name={dullness},
 description={\doulos{ˈdʌlnəs} n. 隐约;枯燥,单调},
}

@index{mistrusted,
name={mistrusted},
 description={\doulos{mɪsˈtrʌstɪd} v-ed. 不信任},
}

@index{sustenance,
name={sustenance},
 description={\doulos{ˈsʌstɪnәns} n. 生活资料, 食物, 营养},
}

@index{Rigel,
name={Rigel},
 description={\doulos{ˈraɪʤlˌ -ɡl} n. 参宿七(猎户座星名)},
}

@index{distant,
name={distant},
 description={\doulos{ˈdɪstәnt} a. 远的, 疏远的},
}

@index{imagine,
name={imagine},
 description={\doulos{ɪˈmæʤɪn} v. 想像, 设想, 猜测},
}

@index{determination,
name={determination},
 description={\doulos{dɪˌtәːmɪˈneɪʃәn} n. 决心, 果断},
}

@index{relaxed,
name={relaxed},
 description={\doulos{rɪˈlækst} v-ed. 松弛,放松,镇定},
}

@index{sorrow,
name={sorrow},
 description={\doulos{ˈsɒrәʊ} n. 悲伤, 哀惜, 不幸
vi. 悲伤, 懊悔, 遗憾},
}

@index{manner,
name={manner},
 description={\doulos{ˈmænә} n. 态度,举止;社交礼仪,规矩;方式方法},
}

@index{behaviour,
name={behaviour},
 description={\doulos{bɪˈheɪvjә} n. 行为, 举止},
}

@index{dignity,
name={dignity},
 description={\doulos{ˈdɪɡnɪtɪ} n. 尊严, 高贵},
}

@index{peril,
name={peril},
 description={\doulos{ˈperɪl} n. (严重)危险,威胁},
 plural= {perils},
}

@index{merit,
name={merit},
 description={\doulos{ˈmerɪt} n. 优点, 价值,优秀品质},
 plural= {merits},
}

@index{lightness,
name={lightness},
 description={\doulos{ˈlaɪtnɪs} n. 轻便,轻巧;光亮,明亮},
}

@index{prolong,
name={prolong},
 description={\doulos{prəˈlɒŋ} v. 延长, 拉长, 拖延},
 plural= {prolongs},
}

@index{employed,
name={employed},
 description={\doulos{ɪmˈplɔɪd} v-ed. 应用,运用,使用;雇用},
}

@index{gut,
name={gut},
 description={\doulos{ɡʌt} vt. 取出内脏, 毁坏...的内部},
}

@index{decision,
name={decision},
 description={\doulos{dɪˈsɪʒәn} n. 决定, 决心, 决断},
}

@index{meantime,
name={meantime},
 description={\doulos{ˈmiːntaɪm} n. 间隔时间, 其时
adv. 其间},
}

@index{punishment,
name={punishment},
 description={\doulos{ˈpʌnɪʃmәnt} n. 处罚, 刑罚, 惩罚},
}

@index{comprehend,
name={comprehend},
 description={\doulos{ˌkɒmprɪˈhend} vt. 理解, 包括},
}

@index{judging,
name={judging},
 description={\doulos{ˈdʒʌdʒɪŋ} v-ing. 判断,断定,认为},
}

@index{comparatively,
name={comparatively},
 description={\doulos{kәmˈpærәtɪvlɪ} adv. 比较地, 相对地},
}

@index{bearing,
name={bearing},
 description={\doulos{ˈbeərɪŋ} v-ing. 忍受, 忍受;承担责任},
}

@index{confided,
name={confided},
 description={\doulos{kənˈfaɪdɪd} v-ed. 吐露(秘密, 心事等)},
}

@index{resistance,
name={resistance},
 description={\doulos{rɪˈzɪstәns} n. 抵抗力, 反抗, 抵抗},
}

@index{cushion,
name={cushion},
 description={\doulos{ˈkʊʃәn} vt. 缓冲
n. 垫子, 缓冲减震垫},
}

@index{devise,
name={devise},
 description={\doulos{dɪˈvaɪz} vt. 策划,想出,发明},
}

@index{rig,
name={rig},
 description={\doulos{rɪɡ} n. 装配, 帆装
vt. 装配, 给船装帆},
}

@index{slit,
name={slit},
 description={\doulos{slɪt} n. 裂缝, 狭缝
vt. 使有狭缝;切开,划破
vi. 纵切, 纵裂},
}

@index{vent,
name={vent},
 description={\doulos{vent} n. (鱼、鸟等小动物的)肛门;排气口, 通风孔},
}

@index{tip,
name={tip},
 description={\doulos{tɪp} n. 顶, 尖端, 梢, 末端,},
}

@index{gutted,
name={gutted},
 description={\doulos{ˈɡʌtɪd} v-ed. 取出…的内脏;毁坏(建筑物等)的内部 },
}

@index{scooping,
name={scooping},
 description={\doulos{ˈsku:pɪŋ} v-ing. 舀(挖)出;捧起},
}

@index{gill,
name={gill},
 description={\doulos{ɡɪl} n. 鳃},
 plural= {gills},
}

@index{maw,
name={maw},
 description={\doulos{mɔː} n. (动物的)胃, 嗉囊},
}

@index{slippery,
name={slippery},
 description={\doulos{ˈslɪpәrɪ} a. 滑的, 光滑的, 靠不住的, 圆滑的},
}

@index{sank,
name={sank},
 description={\doulos{sæŋk} v-ed. 不规则过去式/分词,见sink},
}

@index{sink,
name={sink},
 description={\doulos{sɪŋk} n. 洗涤池,洗碗槽;洗手盆,洗脸盆(藏污纳垢容器)
vi. 下沉, 沉没, 下陷;减弱, 衰退, 消沉
vt. 使低落, 使下沉, 陷于, 投入(资金等), 挖掘},
}

@index{leprous,
name={leprous},
 description={\doulos{ˈleprәs} a. 麻疯病的, 患麻疯病的, 鳞状的},
}

@index{descent,
name={descent},
 description={\doulos{dɪˈsent} n. 下降,下落;突袭;血统,家世},
}

@index{fillet,
name={fillet},
 description={\doulos{ˈfɪlɪt} n. 无骨肉片;去骨鱼片
v. 剔去(鱼或肉)的骨头;把(鱼或肉)切成片},
 plural= {fillets},
}

@index{bent,
name={bent},
 description={\doulos{bent} v-ed. bend, 俯身,前倾;使弯曲,折弯},
}

@index{noting,
name={noting},
 description={\doulos{ˈnәʊtɪŋ} v-ing. 注意,观察;},
}

@index{particle,
name={particle},
 description={\doulos{ˈpɑːtɪkl} n. 颗粒, 微粒,极小量},
 plural= {particles},
}

@index{phosphorus,
name={phosphorus},
 description={\doulos{ˈfɒsfәrәs} n. 磷(化学元素)},
}

@index{astern,
name={astern},
 description={\doulos{әˈstәːn} adv. 在船尾, 向船尾},
}

@index{miserable,
name={miserable},
 description={\doulos{ˈmɪzrәbl} a. 悲惨的;痛苦的;卑鄙的},
}

@index{splashed,
name={splashed},
 description={\doulos{spˈlæʃt} v-ed. 见splash},
}

@index{preparation,
name={preparation},
 description={\doulos{ˌprepәˈreɪʃәn} n. 准备, 预备, 预习},
}

@index{nauseated,
name={nauseated},
 description={\doulos{ˈnɔːzɪeɪtɪd} a. 作呕的, 厌恶的},
}

@index{canyon,
name={canyon},
 description={\doulos{ˈkænjәn} n. 峡谷, 海底悬崖},
}

@index{vast,
name={vast},
 description={\doulos{vɑːst} a. 巨大的;广阔的},
}

@index{stretched,
name={stretched},
 description={\doulos{streʧt} v-ed. 伸展, 张开, 曲解},
}

@index{mating,
name={mating},
 description={\doulos{ˈmeɪtɪŋ} n. 交配,配套},
}

@index{norther,
name={norther},
 description={\doulos{ˈnɔːðә} n. 酷寒北风;强烈北风},
}

@index{tunnel,
name={tunnel},
 description={\doulos{ˈtʌnl} n. 隧道},
}

@index{fist,
name={fist},
 description={\doulos{fɪst} n. 拳头},
}

@index{braked,
name={braked},
 description={\doulos{breɪkt} v-ed. 刹(车)},
}

@index{bursting,
name={bursting},
 description={\doulos{ˈbɜːstɪŋ} v-ing. 见burst. 海明威用现在分词作名词,其实burst当今已有名词词性,不必加-ing.},
}

@index{splash,
name={splash},
 description={\doulos{splæʃ} n. 飞溅, 溅泼声
v. 溅湿, 溅开, 飞溅},
}

@index{calloused,
name={calloused},
 description={\doulos{ˈkæləst} a.(皮肤)有胼胝的﹐起老茧的:},
}

@index{palm,
name={palm},
 description={\doulos{pɑːm} n. 手掌, 手心;棕榈树},
}

@index{crushed,
name={crushed},
 description={\doulos{krʌʃt} v-ed. 压坏;压伤;弄皱, 榨出},
}

@index{ceding,
name={ceding},
 description={\doulos{siːdɪŋ} v-ing. 让给, 割让, 放弃},
}

@index{friction,
name={friction},
 description={\doulos{ˈfrɪkʃәn} n. 摩擦,不和},
}

@index{dozen,
name={dozen},
 description={\doulos{ˈdʌzn} n. 打, 十二个
a. 一打的},
}

@index{frightened,
name={frightened},
 description={\doulos{ˈfraɪt(ә)nd} a. 受惊吓的, 受惊的},
}

@index{fearless,
name={fearless},
 description={\doulos{ˈfɪәlɪs} a. 大胆的, 勇敢的, 无畏的},
}

@index{scoop,
name={scoop},
 description={\doulos{sku:p} n. 铲子, 勺子
vt. 汲取, 舀取, 挖空},
}

@index{nauseate,
name={nauseate},
 description={\doulos{ˈnɔːsɪeɪt} v. 作呕, 厌恶},
}

@index{clear-headed,
name={clear-headed},
 description={\doulos{ˌklɪə ˈhedɪd} a. (困境中)头脑清楚的,明白事理的},
}

@index{light-headed,
name={light-headed},
 description={\doulos{ˌlaɪt ˈhedɪd} a. 头晕的,眩晕的,神志不清的},
}

@index{emergency,
name={emergency},
 description={\doulos{ɪˈmәːʤәnsɪ} n. 紧急状况, 紧急事件},
}

@index{nourishment,
name={nourishment},
 description={\doulos{ˈnәːrɪʃmәnt} n. 滋养品, 养料, 营养},
}

@index{slackening,
name={slackening},
 description={\doulos{ˈslækənɪŋ} v-ing. (使)松弛},
}

@index{knelt,
name={knelt},
 description={\doulos{nelt} v-ed. 跪下(kneel的过去式)},
}

@index{grudgingly,
name={grudgingly},
 description={\doulos{ˈɡrʌʤɪŋlɪ} adv. 勉强地;不情愿地},
}

@index{dizzy,
name={dizzy},
 description={\doulos{ˈdɪzɪ} a. 晕眩的, 眼花缭乱的},
}

@index{sharp,
name={sharp},
 description={\doulos{ʃɑːp} a. 锋利的, 锐利的;(上涨下跌等)急剧猛烈的},
}

@index{hard-feeling,
name={hard-feeling},
 description={\doulos{} 生气,怨恨},
}

@index{spear,
name={spear},
 description={\doulos{spɪә} n. 矛, 枪, 本书指马林鱼的长尖嘴},
}

@index{bound,
name={bound},
 description={\doulos{baʊnd} a. 必定的;有义务的,受约束的},
}

@index{wound,
name={wound},
 description={\doulos{wu:nd} n. 创伤, 伤口},
}

@index{shook,
name={shook},
 description={\doulos{ʃʊk} v-ed. 见shake},
}

@index{shake,
name={shake},
 description={\doulos{ʃeɪk} n. v. 摇动, 震动
},
}

@index{weaving,
name={weaving},
 description={\doulos{ˈwiːvɪŋ} v-ing. 编织},
}

@index{considerably,
name={considerably},
 description={\doulos{kәnˈsɪdәrәblɪ} adv. 非常地, 很, 颇},
}

@index{fair-weather,
name={fair-weather},
 description={\doulos{ˈfeə weðə(r)} a. 晴天的,好天气的;同甘不同苦的},
}

@index{steer,
name={steer},
 description={\doulos{stɪә} v. 驾驶;  引导},
}

@index{pale,
name={pale},
 description={\doulos{peɪl} a. 浅色的,淡色的},
}

@index{raked,
name={raked},
 description={\doulos{reɪkt} v-ed. 搜索; 以耙子耙平},
}

@index{bulk,
name={bulk},
 description={\doulos{bʌlk} n. (巨大的)容积,体积},
}

@index{banded,
name={banded},
 description={\doulos{ˈbændɪd} a. 有带子的},
}

@index{dorsal,
name={dorsal},
 description={\doulos{ˈdɔːsәl} a. 背的, 背部的, 背侧的},
}

@index{pectorals,
name={pectorals},
 description={\doulos{ˈpektərəlz} n-pl. 胸鳍, 胸肌},
}

@index{attached,
name={attached},
 description={\doulos{әˈtæʧt} v-ed. 依附,附加,贴上},
}

@index{darted,
name={darted},
 description={\doulos{dɑːtɪd} v-ed. 急冲;飞奔;突然行进},
}

@index{lashed,
name={lashed},
 description={\doulos{læʃt} v-ed. 猛击,鞭打;猛甩,摆动},
}

@index{eel,
name={eel},
 description={\doulos{iːl} n. 鳗鱼, 鳝鱼},
 plural= {eels},
}

@index{besides,
name={besides},
 description={\doulos{bɪˈsaɪdz} prep. 除...之外
adv. 而且,再说,此外},
}

@index{placid,
name={placid},
 description={\doulos{ˈplæsɪd} a. 平静的, 温和的},
}

@index{gaining,
name={gaining},
 description={\doulos{ˈɡeɪnɪŋ} v-ing. 获得,得到, 增进, 赚到},
}

@index{straightened,
name={straightened},
 description={\doulos{ˈstreɪtnd} v-ed. 挺直身子,平正;整理,清理},
}

@index{accomplished,
name={accomplished},
 description={\doulos{әˈkʌmplɪʃt} v-ed. 完成,实现},
}

@index{confused,
name={confused},
 description={\doulos{kәnˈfju:zd} a. 困惑的, 混乱的},
}

@index{suffer,
name={suffer},
 description={\doulos{ˈsʌfә} v. 受苦,受难},
}

@index{mushy,
name={mushy},
 description={\doulos{ˈmʌʃɪ} a. 浓粥状的,浆状的,烂糊的},
}

@index{agony,
name={agony},
 description={\doulos{ˈæɡәnɪ} n. 苦恼,剧痛,濒死的痛苦},
}

@index{barred,
name={barred},
 description={\doulos{bɑːd} a. 不同颜色条纹的;装有栅栏的},
}

@index{interminable,
name={interminable},
 description={\doulos{ɪnˈtәːmɪnәbl} a. 无限的, 冗长的},
}

@index{summoned,
name={summoned},
 description={\doulos{ˈsʌmənd} v-ed. 鼓起,展现(勇气)},
}

@index{chest,
name={chest},
 description={\doulos{ʧest} n. 胸, 胸部, 衣柜, 箱子},
}

@index{altitude,
name={altitude},
 description={\doulos{ˈæltɪtju:d} n. 高度, 海拔, 高处},
}

@index{iron,
name={iron},
 description={\doulos{ˈaɪәn} n. 铁, 熨斗, 铁器
v. 烫平, 熨},
}

@index{hang,
name={hang},
 description={\doulos{hæŋ} n. 悬挂
v. 悬挂, 垂下,附着},
}

@index{spray,
name={spray},
 description={\doulos{spreɪ} n. 浪花, 水花, 喷雾},
}

@index{discolouring,
name={discolouring},
 description={\doulos{dɪsˈkʌlərɪŋ} v-ing. 变色, 褪色},
}

@index{shoal,
name={shoal},
 description={\doulos{ʃәʊl} n. 浅滩,(水下) 沙洲, 鱼群},
}

@index{wave,
name={wave},
 description={\doulos{weɪv} n. 波涛, 波浪},
 plural= {waves},
}

@index{glimpse,
name={glimpse},
 description={\doulos{ɡlɪmps} n. 一瞥, 瞟一眼
v. 瞥见, 闪烁不定},
}

@index{vision,
name={vision},
 description={\doulos{ˈvɪʒәn} n. 视觉;眼光;视力;幻想},
}

@index{hid,
name={hid},
 description={\doulos{hɪd} v.-ed. 见hide},
}

@index{noose,
name={noose},
 description={\doulos{nu:s} n. 套索, 绞索},
 plural= {nooses},
}

@index{swamped,
name={swamped},
 description={\doulos{swɒmpt} v-ed. 淹,淹没},
}

@index{bailed,
name={bailed},
 description={\doulos{beɪld} v-ed. 保释, 帮助脱离困境},
}

@index{fortune,
name={fortune},
 description={\doulos{ˈfɔːʧәn} n. 财富,大量财产;好运,命运},
}

@index{splice,
name={splice},
 description={\doulos{splaɪs} v. 绞接,捻接(两段绳子);胶接,黏结(胶片、磁带等)},
}

@index{wallowing,
name={wallowing},
 description={\doulos{ˈwɒləʊɪŋ} v-ing. 打滚,  颠簸前进},
}

@index{untied,
name={untied},
 description={\doulos{ʌnˈtaɪd} v-ed. 见untie},
}

@index{sword,
name={sword},
 description={\doulos{sɔːd} n. 剑状物,剑},
}

@index{violet,
name={violet},
 description={\doulos{ˈvaɪәlɪt} n. 堇菜, 紫罗兰
a. 堇菜科的, 紫罗兰色的},
}

@index{detached,
name={detached},
 description={\doulos{dɪˈtæʧt} a. 分离的, 单独的;超然的,客观的},
}

@index{periscope,
name={periscope},
 description={\doulos{ˈperɪskәʊp} n. 潜望镜(镜头)},
}

@index{saint,
name={saint},
 description={\doulos{seɪnt} n. 圣徒, 圣人  a. 神圣的},
}

@index{procession,
name={procession},
 description={\doulos{prәˈseʃәn} n. 队伍, 列队行进, 涌出},
}

@index{stick,
name={stick},
 description={\doulos{stɪk} n. 枝条,枯枝;条状物},
}

@index{compass,
name={compass},
 description={\doulos{ˈkʌmpәs} n. 指南针, 罗盘;圆规,两脚规},
}

@index{spoon,
name={spoon},
 description={\doulos{spu:n} n. 匙, 调羹, 勺
vt. 以勺匙舀起, 使成匙状},
}

@index{moisture,
name={moisture},
 description={\doulos{ˈmɔɪsʧә} n. 水分;潮气;水汽},
}

@index{flea,
name={flea},
 description={\doulos{fliː} n. 蚤,跳蚤},
 plural= {fleas},
}

@index{pinched,
name={pinched},
 description={\doulos{ˈpɪnʧt} v-ed. 捏, 拧, 掐, 修剪},
}

@index{nourishing,
name={nourishing},
 description={\doulos{ˈnәːrɪʃɪŋ} a. 有营养的, 滋养多的},
}

@index{handicap,
name={handicap},
 description={\doulos{ˈhændɪkæp} n. 障碍, 困难, 不利条件
vt. 加障碍于, 妨碍},
 plural= {handicaps},
}

@index{steered,
name={steered},
 description={\doulos{stɪəd} v-ed. 见steer},
}

@index{tiller,
name={tiller},
 description={\doulos{ˈtɪlә} n.(小船的)舵柄},
}

@index{motionless,
name={motionless},
 description={\doulos{ˈmәʊʃәnlɪs} a. 不动的, 静止的},
}

@index{strangeness,
name={strangeness},
 description={\doulos{ˈstreɪndʒnəs} n. 奇妙, 不可思议;陌生},
}

@index{cure,
name={cure},
 description={\doulos{kjʊә} n. 治疗, 治愈, 治疗法
vt. 治疗, 治愈;加工处理, 硫化},
}

@index{bled,
name={bled},
 description={\doulos{bled} bleed的过去式和过去分词},
}

@index{bleed,
name={bleed},
 description={\doulos{bliːd} v. 流血出血;放出,泄出},
}

@index{heal,
name={heal},
 description={\doulos{hiːl} v. 痊愈,治愈},
}

@index{healer,
name={healer},
 description={\doulos{ˈhiːlә} n. (不使用药物)自然力的治疗师,抚平创伤的事物},
}

@index{towing,
name={towing},
 description={\doulos{ˈtәjɪŋ} v-ing. 拖, 拉, 牵引},
}

@index{trickery,
name={trickery},
 description={\doulos{ˈtrɪkәrɪ} n. 欺骗, 哄骗},
}

@index{harm,
name={harm},
 description={\doulos{hɑːm} n. 伤害, 害处
vt. 伤害, 损害},
}

@index{soaked,
name={soaked},
 description={\doulos{sәʊkt} v-ed. 沉浸,浸泡},
}

@index{constantly,
name={constantly},
 description={\doulos{ˈkɒnstәntlɪ} adv. 始终;一直;重复不断地},
}

@index{accident,
name={accident},
 description={\doulos{ˈæksɪdәnt} n. 交通事故;意外事件, 偶然事件},
}

@index{dispersed,
name={dispersed},
 description={\doulos{dɪsˈpәːst} v-ed. 疏散,分散,驱散},
}

@index{caution,
name={caution},
 description={\doulos{ˈkɔːʃәn} n. 小心, 慎重;警示,警告},
}

@index{trace,
name={trace},
 description={\doulos{treɪs} n. 痕迹, 踪迹
v. 追踪},
}

@index{knifing,
name={knifing},
 description={\doulos{ˈnaɪfɪŋ} v-ing. (用刀)刮涂, 切割,伤害},
}

@index{inward,
name={inward},
 description={\doulos{ˈɪnwәd} adv. 向中心, 向内;内里},
 plural= {inwards},
}

@index{ordinary,
name={ordinary},
 description={\doulos{ˈɔːdɪnәrɪ} a. 平常的, 普通的, 平凡的},
}

@index{pyramid,
name={pyramid},
 description={\doulos{ˈpɪrәmɪd} n. 角锥, 金字塔(形)},
}

@index{crisped,
name={crisped},
 description={\doulos{kˈrɪspt} a. 卷曲的、扭曲的(古英语)},
}

@index{razor,
name={razor},
 description={\doulos{ˈreɪzә} n. 剃刀 vt. 剃},
}

@index{ripping,
name={ripping},
 description={\doulos{ˈrɪpɪŋ} a. (猛烈地)撕破,裂开},
}

@index{rammed,
name={rammed},
 description={\doulos{ˈræmd} v-ed. (汽车、轮船等)和…相撞,撞击;塞进,挤进},
}

@index{spot,
name={spot},
 description={\doulos{spɒt} n. 污点, 斑点, 点},
 plural= {spots},
}

@index{intersected,
name={intersected},
 description={\doulos{ˌɪntәˈsektɪd} v-ed. 相交,交叉;横穿,贯穿},
}

@index{swallowing,
name={swallowing},
 description={\doulos{ˈswɒləʊɪŋ} v-ing. 见swallow},
}

@index{location,
name={location},
 description={\doulos{lәʊˈkeɪʃәn} n. 位置, 场所},
}

@index{mushed,
name={mushed},
 description={\doulos{mʌʃt} v-ed. 成软稠糊状},
}

@index{malignancy,
name={malignancy},
 description={\doulos{mәˈlɪɡnәnsɪ} n. 恶毒,邪恶;恶性肿瘤},
}

@index{plowed,
name={plowed},
 description={\doulos{plaʊd} v-ed. 耕,犁耕; 费力穿过},
}

@index{speedboat,
name={speedboat},
 description={\doulos{ˈspiːdbәʊt} n. 高速游艇},
}

@index{quarter,
name={quarter},
 description={\doulos{ˈkwɔːtә} n. 四分之一, 一刻钟, 季度
vt. 四等分;四处移动},
 plural= {quarters},
}

@index{shivered,
name={shivered},
 description={\doulos{ˈʃɪvəd} v-ed. 见shiver},
}

@index{mutilated,
name={mutilated},
 description={\doulos{mˈju:tɪleɪtɪd} v-ed. 严重残害…的身体, 使残缺不全, 肢解},
}

@index{stingray,
name={stingray},
 description={\doulos{ˈstɪŋreɪ} n. 刺鳐,俗称黄貂鱼、魔鬼鱼},
}

@index{stung,
name={stung},
 description={\doulos{stʌŋ} v-ed. 见sting},
}

@index{sting,
name={sting},
 description={\doulos{stɪŋ} n. v. 叮, 刺痛},
}

@index{paralyzed,
name={paralyzed},
 description={\doulos{ˈperəˌlīzd} v-ed. 瘫痪,麻痹},
}

@index{unbearable,
name={unbearable},
 description={\doulos{ˌʌnˈbeərәbl} a. 无法忍受的, 不能容忍的},
}

@index{pattern,
name={pattern},
 description={\doulos{ˈpætәn} n. 模式,方式、形式;花样},
}

@index{sheet,
name={sheet},
 description={\doulos{ʃiːt} n. 张,纸张;帆船帆脚索;一大片,薄片},
}

@index{silly,
name={silly},
 description={\doulos{ˈsɪlɪ} a. 愚蠢的, 糊涂的},
}

@index{sin,
name={sin},
 description={\doulos{sɪn} n. 犯罪, 过失, 失礼},
}

@index{understanding,
name={understanding},
 description={\doulos{ˌʌndәˈstændɪŋ} n. 理解, 领悟,了解},
}

@index{involved,
name={involved},
 description={\doulos{ɪnˈvɒlvd} a. 参与,关系密切},
}

@index{scavenger,
name={scavenger},
 description={\doulos{ˈskævɪnʤә} n. 食腐肉的兽(或鸟);捡破烂的人;拾荒者},
}

@index{appetite,
name={appetite},
 description={\doulos{ˈæpɪtaɪt} n. 食欲,胃口},
}

@index{deceive,
name={deceive},
 description={\doulos{dɪˈsiːv} v. 欺骗, 行骗},
}

@index{quality,
name={quality},
 description={\doulos{ˈkwɒlәtɪ} n. 品性;质量;特性},
}

@index{firm,
name={firm},
 description={\doulos{fәːm} n. 公司, 商号
a. 坚定的, 坚强的, 结实的, 确定的},
}

@index{stringiness,
name={stringiness},
 description={\doulos{stˈrɪʤɪnəs} n. 多筋、纤维、柴的状态},
}

@index{hull,
name={hull},
 description={\doulos{hʌl} n. 船体,船壳;(植物)壳},
}

@index{translation,
name={translation},
 description={\doulos{trænsˈleɪʃәn} n. 翻译, 译文, 转化},
}

@index{involuntarily,
name={involuntarily},
 description={\doulos{ɪnˈvɒlәntәrɪlɪ} adv. 不自觉地, 不由自主地},
}

@index{nail,
name={nail},
 description={\doulos{neɪl} n. 钉子, 指甲},
}

@index{identified,
name={identified},
 description={\doulos{aɪˈdentɪfaɪd} v-ed. 识别, 认出;显示身份},
}

@index{shovel,
name={shovel},
 description={\doulos{ˈʃʌvl} n. 铲, 铁铲},
}

@index{triangular,
name={triangular},
 description={\doulos{traɪˈæŋɡjʊlә} a. 三角形的, 三人间的},
}

@index{stupidity,
name={stupidity},
 description={\doulos{stju:ˈpɪdɪtɪ} n. 愚蠢, 糊涂事},
}

@index{excitement,
name={excitement},
 description={\doulos{ɪkˈsaɪtmәnt} n. 兴奋, 激动},
}

@index{jammed,
name={jammed},
 description={\doulos{dʒæmd} v-ed. 卡住,使不能动弹;挤入,塞入},
}

@index{rebelled,
name={rebelled},
 description={\doulos{rɪˈbeld} v-ed. 反对,不服从,抗命},
}

@index{flinch,
name={flinch},
 description={\doulos{flɪnʧ} n. vi. 畏缩, 退缩},
}
#N/A

@index{hateful,
name={hateful},
 description={\doulos{ˈheɪtfʊl} a. 憎恨的, 可恨的, 可恶的},
}

@index{flipper,
name={flipper},
 description={\doulos{ˈflɪpә} n. (海龟,海豹,鲸的)鳍状肢, (潜水用)脚蹼},
 plural= {flippers},
}

@index{slime,
name={slime},
 description={\doulos{slaɪm} n. 粘液;烂泥},
}

@index{slitted,
name={slitted},
 description={\doulos{slɪt} v-ed. slit的过去分词和过去式
a. 眯着的,眯成一条缝的},
}

@index{spinal,
name={spinal},
 description={\doulos{ˈspaɪnl} a. 与脊柱有关的,脊髓的},
}

@index{broadside,
name={broadside},
 description={\doulos{ˈbrɔːdsaɪd} n.  舷侧;猛烈抨击
adv. 无目标地, 胡乱地},
}

@index{punched,
name={punched},
 description={\doulos{pʌntʃt/ } v-ed.猛击, 开洞,打孔},
}

@index{barely,
name={barely},
 description={\doulos{ˈbeəlɪ} adv. 几乎不},
}

@index{squarely,
name={squarely},
 description={\doulos{ˈskweəlɪ} adv. 干脆地, 正好, 直角地},
}

@index{withdrew,
name={withdrew},
 description={\doulos{wɪðˈdru:ˌ wɪθ-} v-ed. withdraw, (将某物从某处)抽回;(从战区等地)撤退},
}

@index{withdraw,
name={withdraw},
 description={\doulos{wɪðˈdrɔː} v. 撤回, 取回, 退出, 撤退},
}

@index{stabbed,
name={stabbed},
 description={\doulos{stæbd} v-ed. 见stab},
}

@index{stab,
name={stab},
 description={\doulos{stæb} n. v. 刺, 戳},
}

@index{vertebrae,
name={vertebrae},
 description={\doulos{ˈvɜːrtɪbrə} n. 椎骨},
}

@index{cartilage,
name={cartilage},
 description={\doulos{ˈkɑːtɪlɪʤ} n. 软骨},
}

@index{sever,
name={sever},
 description={\doulos{ˈsevә} v. 切断, 脱离, 分开},
}

@index{reversed,
name={reversed},
 description={\doulos{rɪˈvәːsd} v-ed. 颠倒,使完全相反},
}

@index{twisted,
name={twisted},
 description={\doulos{ˈtwɪstɪd} v-ed. 使弯曲,使扭曲;转动},
}

@index{drained,
name={drained},
 description={\doulos{dreɪnd} v. 流干,放干;流走,流出},
}

@index{awash,
name={awash},
 description={\doulos{әˈwɒʃ} a. 被水淹没的,冲刷的。书中作名词用。},
}

@index{counsel,
name={counsel},
 description={\doulos{ˈkaʊnsәl} n. 商议,忠告,劝告},
}

@index{bump,
name={bump},
 description={\doulos{bʌmp} n. v. 碰撞,撞击;凸块,肿块},
 plural= {bumps},
}

@index{torn,
name={torn},
 description={\doulos{tɔːn} v-ed. tear的过去分词,见tear},
}

@index{tear,
name={tear},
 description={\doulos{tɪәˌ teə} n. 泪滴, 眼泪
v1. 撕裂,撕碎,扯破
v2. },
}

@index{highway,
name={highway},
 description={\doulos{ˈhaɪweɪ} n. 公路, 大道},
}

@index{life-size,
name={life-size},
 description={\doulos{ˈlaɪfsaɪz} a. 与真人(实物)一般大小的},
}

@index{fascinated,
name={fascinated},
 description={\doulos{ˈfæsɪneɪtɪd} v-ed. 使着迷,使神魂颠倒},
}

@index{sawed-off,
name={sawed-off},
 description={\doulos{ˈsɔːdˈɔːf} a. 锯短的},
}

@index{effectively,
name={effectively},
 description={\doulos{ɪˈfektɪvlɪ} adv. 有效地, 有力地, 实际上},
}

@index{grip,
name={grip},
 description={\doulos{ɡrɪp} n. 柄,把手;支配, 控制;紧握,紧抓},
}

@index{flex,
name={flex},
 description={\doulos{ˈfleks} v. 屈伸,活动(身体)},
}

@index{flexing,
name={flexing},
 description={\doulos{ˈfleksɪŋ} v-ing. 见flex},
}

@index{slamming,
name={slamming},
 description={\doulos{ˈslæmɪŋ} v-ing. 见slam},
}

@index{slam,
name={slam},
 description={\doulos{slæm} n. 砰然声, 猛然, 猛烈的抨击
vt. 猛然(砰地)关上},
}

@index{rubbery,
name={rubbery},
 description={\doulos{ˈrʌbәrɪ} a. 橡胶似的, 有弹力的},
}

@index{solidity,
name={solidity},
 description={\doulos{sәˈlɪdɪtɪ} n. 坚硬, 坚固, 紧密},
}

@index{rigidity,
name={rigidity},
 description={\doulos{rɪˈʤɪdɪtɪ} n. 刚性, 刚度,僵硬},
}

@index{spilling,
name={spilling},
 description={\doulos{ˈspɪlɪŋ} v-ing. 洒出,溢出,涌出},
}

@index{wrenched,
name={wrenched},
 description={\doulos{renʧt} v-ed. (猛力地)扭、拽},
}

@index{rubberiness,
name={rubberiness},
 description={\doulos{ˈrʌb(ə)rɪnɪs} 橡胶般质感},
}

@index{sluggishly,
name={sluggishly},
 description={\doulos{ˈslʌɡɪʃli} adv. 行动缓慢地﹔反应迟缓地},
}

@index{confidence,
name={confidence},
 description={\doulos{ˈkɒnfɪdәns} n. 信心},
}

@index{ruined,
name={ruined},
 description={\doulos{ˈrʊɪnd} a. 毁坏的, 严重受损的
v-ed. 见ruin},
}

@index{chopped,
name={chopped},
 description={\doulos{ʧɒpt} v-ed. 切碎,剁碎;砍劈},
}

@index{hatchet,
name={hatchet},
 description={\doulos{ˈhæʧɪt} n. 斧头, 手斧, 战斧},
}

@index{butt,
name={butt},
 description={\doulos{bʌt} n. 粗大的一头, 烟头, 靶, 笑柄},
}

@index{violated,
name={violated},
 description={\doulos{ˈvaɪəleɪtɪd} v-ed. 亵渎; 违反; 侵犯},
}

@index{recognize,
name={recognize},
 description={\doulos{ˈrekәɡnaɪz} v. 认出, 认识;认可, 承认,确认},
}

@index{reflected,
name={reflected},
 description={\doulos{rɪˈflektɪd} a. 反射的;得自他人的},
}

@index{perceptible,
name={perceptible},
 description={\doulos{pəˈseptəbl} a. 可察觉的, 可辨的, 看得见的},
}

@index{strained,
name={strained},
 description={\doulos{ˈstreɪnd} a. 紧张的, 憔悴的, 矫饰的},
}

@index{useless,
name={useless},
 description={\doulos{ /ˈjuːsləs} a. 无用的, 无效的},
}

@index{seize,
name={seize},
 description={\doulos{siːz} v. 抓住, 捉住,咬住},
}

@index{tearing,
name={tearing},
 description={\doulos{ˈteərɪŋ} v-ing. 见tear},
}

@index{lunged,
name={lunged},
 description={\doulos{lʌŋd} v-ed. 猛冲,猛扑},
}

@index{splintered,
name={splintered},
 description={\doulos{ˈsplɪntəd} a. (木头,金属,玻璃等)碎片的
v-ed. 裂成碎片},
}

@index{pack,
name={pack},
 description={\doulos{pæk} n. 一伙, 一副;背包, 包装,包裹},
}

@index{coppery,
name={coppery},
 description={\doulos{ˈkɒpәrɪ} a. 似铜的,铜色的;铜质的},
}

@index{spat,
name={spat},
 description={\doulos{spæt} v-ed. spit, 吐口水﹐吐唾沫},
}

@index{remedy,
name={remedy},
 description={\doulos{ˈremɪdɪ} n.问题的解决方法;糟糕状况的补救方法},
}

@index{jagged,
name={jagged},
 description={\doulos{ˈʤæɡd} a. 参差不齐的;锯齿状的;有尖突的},
}

@index{fit,
name={fit},
 description={\doulos{fɪt} n. 适宜, 合身,
a. 适宜的, 对的
v. 适合,与……相符相称 },
}

@index{rudder,
name={rudder},
 description={\doulos{ˈrʌdә} n. 舵, 方向舵},
}

@index{crumb,
name={crumb},
 description={\doulos{krʌm} n. (食物)碎屑, 面包屑;少许},
 plural= {crumbs},
}

@index{colonies,
name={colonies},
 description={\doulos{ˈkɒlənɪz} n. (来自同一地方或同国籍种族的)聚居人群;殖民地( colony的名词复数 ); (生物)群体; },
}

@index{added,
name={added},
 description={\doulos{ˈædɪd} v-ed. 增加,添加;补充说,继续说},
}

@index{shingle,
name={shingle},
 description={\doulos{ˈʃɪŋɡl} n. 沙石滩;墙面板, 屋顶板},
}

@index{rock,
name={rock},
 description={\doulos{rɒk} n. 岩石, 岩礁, 石头;摇滚乐
v. 摇摆, 摇动},
 plural= {rocks},
}

@index{tiredness,
name={tiredness},
 description={\doulos{ˈtaɪәdnɪs} n. 疲劳, 疲倦},
}

@index{nakedness,
name={nakedness},
 description={\doulos{ˈneɪkɪdnɪs} n. 裸,  赤身裸体},
}

@index{measuring,
name={measuring},
 description={\doulos{ˈmeʒәrɪŋ} v-ing. 测量},
}

@index{Afterwards,
name={Afterwards},
 description={\doulos{ˈɑːftәwәdz} adv. 随后,以后,后来},
}

@index{proprietor,
name={proprietor},
 description={\doulos{prәˈpraɪәtә} n. 所有者,业主},
}

@index{bother,
name={bother},
 description={\doulos{ˈbɒðә} v. 打扰,麻烦},
}

@index{heat,
name={heat},
 description={\doulos{hiːt} n. 热, 高温;v. 加热, 加温},
}

@index{guard,
name={guard},
 description={\doulos{ɡɑːd} n. 守卫者, 警戒(装置), 警卫队
v. 警卫, 看守},
}

@index{lance,
name={lance},
 description={\doulos{lɑːns} n. (旧时作战)长矛. },
}

@index{grind,
name={grind},
 description={\doulos{ɡraɪnd} vt. 磨快,磨光;磨碎},
}

@index{tempered,
name={tempered},
 description={\doulos{ˈtempәd} a. 回火的, 缓和的},
}

@index{spring,
name={spring},
 description={\doulos{sprɪŋ} n. 春天;弹簧,弹性;跳跃;活力;泉水},
}

@index{drugstore,
name={drugstore},
 description={\doulos{ˈdrʌɡstɔː} n. 药房,杂货店},
}

@index{barracuda,
name={barracuda},
 description={\doulos{ˌbærәˈku:dә} n. 梭鱼},
 plural= {barracudas},
}

@index{spine,
name={spine},
 description={\doulos{spaɪn} n. 背骨,脊柱,尖刺},
}

@index{tide,
name={tide},
 description={\doulos{taɪd} n. 潮汐,趋势,潮流},
}

@index{entrance,
name={entrance},
 description={\doulos{ˈentrәns} n. 入口,进入点},
}

@index{garbage,
name={garbage},
 description={\doulos{ˈɡɑːbɪʤ} n. 垃圾,废物},
}

@index{handsome,
name={handsome},
 description={\doulos{ˈhænsәm} a. 英俊的,美观的,大方的},
}

@index{beautifully,
name={beautifully},
 description={\doulos{ˈbju:tɪfʊlɪ} adv. 美好地,漂亮地},
}

@index{companion,
name={companion},
 description={\doulos{kәmˈpænjәn} n. 同伴,朋友},
}

@index{urinated,
name={urinated},
 description={\doulos{ˈjʊərəˌneɪtɪd} v-ed.小便,排尿},
}

@index{grippes,
name={grippes},
 description={\doulos{ˈgrips} n.流感(古),今为flu},
}

@index{worn,
name={worn},
 description={\doulos{wɔːn} a. 用旧(坏)的
v-ed. wear过去分词},
}

@index{lean,
name={lean},
 description={\doulos{liːn} v. 倚靠, 倾斜, 斜靠},
}




%%% Local Variables:
%%% mode: BibTeX
%%% bibtex-dialect: biblatex
%%% comment-start: "%"
%%% End: